
@Article{	  abbott2017,
  author	= {Abbott, B P and Et al},
  doi		= {10.3847/2041-8213/aa91c9},
  journal	= {Astrophys. J.},
  month		= oct,
  number	= {2},
  pages		= {L12},
  publisher	= {American Astronomical Society},
  title		= {Multi-messenger Observations of a Binary Neutron Star
		  Merger},
  url		= {https://doi.org/10.3847{\%}2F2041-8213{\%}2Faa91c9},
  volume	= {848},
  year		= {2017}
}

@Article{	  abbott2017a,
  author	= {Abbott, B P and Et al},
  doi		= {10.1103/PhysRevLett.119.161101},
  journal	= {Phys. Rev. Lett.},
  month		= oct,
  number	= {16},
  pages		= {161101},
  publisher	= {American Physical Society},
  title		= {GW170817: Observation of Gravitational Waves from a Binary
		  Neutron Star Inspiral},
  url		= {https://link.aps.org/doi/10.1103/PhysRevLett.119.161101},
  volume	= {119},
  year		= {2017}
}

@Article{	  abe1996,
  author	= {Abe, Y and Ayik, S and Reinhard, P.-G. and Suraud, E},
  doi		= {10.1016/0370-1573(96)00003-8},
  issn		= {03701573},
  journal	= {Phys. Rep.},
  keywords	= {Collective models,Heavy ion collisions,Kinetic
		  theory,Stochastic dynamics},
  month		= oct,
  number	= {2-3},
  pages		= {49--196},
  title		= {On stochastic approaches of nuclear dynamics},
  url		= {http://www.sciencedirect.com/science/article/pii/0370157396000038
		  http://linkinghub.elsevier.com/retrieve/pii/0370157396000038},
  volume	= {275},
  year		= {1996}
}

@PhDThesis{	  abusara2011,
  author	= {Abusara, Hazem},
  school	= {Mississipp},
  title		= {Nuclear Phenomena in Covariant Density Functional Theory},
  year		= {2011}
}

@Article{	  ackermann2015,
  author	= {Ackermann, D.},
  doi		= {10.1016/j.nuclphysa.2015.09.002},
  issn		= {03759474},
  journal	= {Nucl. Phys. A},
  keywords	= {Decay spectroscopy,K-isomers,Nuclear deformation,Nuclear
		  structure,Superheavy nuclei,X-ray spectroscopy},
  pages		= {376--387},
  publisher	= {Elsevier B.V.},
  title		= {Nuclear spectroscopy in nuclei with Z≥110},
  url		= {http://dx.doi.org/10.1016/j.nuclphysa.2015.09.002},
  volume	= {944},
  year		= {2015}
}

@InCollection{	  afanasjev2013,
  archiveprefix	= {arXiv},
  arxivid	= {1205.2134},
  author	= {Afanasjev, A. V.},
  booktitle	= {Fifty Years Nucl. BCS},
  doi		= {10.1142/9789814412490_0011},
  isbn		= {9789814412490},
  month		= mar,
  pages		= {138--153},
  publisher	= {WORLD SCIENTIFIC},
  title		= {Isoscalar and Isovector Neutron—Proton Pairing},
  url		= {http://arxiv.org/abs/1205.2134
		  http://www.worldscientific.com/doi/abs/10.1142/9789814412490{\_}0011},
  year		= {2013}
}

@Article{	  andreyev2010,
  author	= {Andreyev, A. N. and others},
  doi		= {10.1103/PhysRevLett.105.252502},
  isbn		= {1079-7114 (Electronic)$\backslash$r0031-9007 (Linking)},
  issn		= {0031-9007},
  journal	= {Phys. Rev. Lett.},
  month		= dec,
  number	= {25},
  pages		= {252502},
  pmid		= {21231583},
  title		= {New Type of Asymmetric Fission in Proton-Rich Nuclei},
  url		= {https://link.aps.org/doi/10.1103/PhysRevLett.105.252502},
  volume	= {105},
  year		= {2010}
}

@Article{	  andreyev2013,
  author	= {Andreyev, Andrei N. and Huyse, Mark and {Van Duppen},
		  Piet},
  doi		= {10.1103/RevModPhys.85.1541},
  issn		= {0034-6861},
  journal	= {Rev. Mod. Phys.},
  month		= oct,
  number	= {4},
  pages		= {1541--1559},
  title		= {Colloquium : Beta-delayed fission of atomic nuclei},
  url		= {https://link.aps.org/doi/10.1103/RevModPhys.85.1541},
  volume	= {85},
  year		= {2013}
}

@Article{	  andreyev2018,
  author	= {Andreyev, A. N. and Nishio, K. and Schmidt, K-H},
  doi		= {10.1088/1361-6633/aa82eb},
  issn		= {0034-4885},
  journal	= {Rep. Prog. Phys.},
  keywords	= {experimental technique,fission,fission model,normal and
		  inverse kinematics,radioactive beam},
  month		= jan,
  number	= {1},
  pages		= {016301},
  publisher	= {IOP Publishing},
  title		= {Nuclear fission: a review of experimental advances and
		  phenomenology},
  url		= {http://stacks.iop.org/0034-4885/81/i=1/a=016301?key=crossref.b34b72f3a162a125b91f40f3d188370e},
  volume	= {81},
  year		= {2018}
}

@Article{	  anguiano2001,
  author	= {Anguiano, M and Egido, J L and Robledo, L M},
  doi		= {https://doi.org/10.1016/S0375-9474(01)01219-2},
  issn		= {0375-9474},
  journal	= {Nucl. Phys. A},
  keywords	= {50 and 164,=48,Effective
		  interactions,Hartree–Fock–Bogoliubov,Particle-number
		  projection},
  number	= {3},
  pages		= {467--493},
  title		= {Particle number projection with effective forces},
  url		= {http://www.sciencedirect.com/science/article/pii/S0375947401012192},
  volume	= {696},
  year		= {2001}
}

@Article{	  arimoto2014,
  archiveprefix	= {arXiv},
  arxivid	= {arXiv:1310.3156v1},
  author	= {Aritomo, Y. and Chiba, S. and Ivanyuk, F.},
  doi		= {10.1103/PhysRevC.90.054609},
  issn		= {0556-2813},
  journal	= {Phys. Rev. C},
  month		= nov,
  number	= {5},
  pages		= {054609},
  publisher	= {American Physical Society},
  title		= {Fission dynamics at low excitation energy},
  url		= {https://link.aps.org/doi/10.1103/PhysRevC.90.054609},
  volume	= {90},
  year		= {2014}
}

@Article{	  aritomo2013,
  archiveprefix	= {arXiv},
  arxivid	= {arXiv:1305.6132v2},
  author	= {Aritomo, Y. and Chiba, S.},
  doi		= {10.1103/PhysRevC.88.044614},
  issn		= {0556-2813},
  journal	= {Phys. Rev. C},
  month		= oct,
  number	= {4},
  pages		= {044614},
  title		= {Fission process of nuclei at low excitation energies with
		  a Langevin approach},
  url		= {https://link.aps.org/doi/10.1103/PhysRevC.88.044614},
  volume	= {88},
  year		= {2013}
}

@Article{	  arnould2007,
  author	= {Arnould, M and Goriely, S and Takahashi, K},
  doi		= {10.1016/j.physrep.2007.06.002},
  issn		= {03701573},
  journal	= {Phys. Rep.},
  month		= sep,
  number	= {4-6},
  pages		= {97--213},
  title		= {The r-process of stellar nucleosynthesis: Astrophysics and
		  nuclear physics achievements and mysteries},
  url		= {http://www.sciencedirect.com/science/article/pii/S0370157307002438
		  https://linkinghub.elsevier.com/retrieve/pii/S0370157307002438},
  volume	= {450},
  year		= {2007}
}

@Article{	  asai2015,
  author	= {Asai, M. and He{\ss}berger, F.P. and Lopez-Martens, A.},
  doi		= {10.1016/j.nuclphysa.2015.06.011},
  issn		= {03759474},
  journal	= {Nucl. Phys. A},
  keywords	= {Digital electronics for nuclear spectroscopy,Heavy
		  elements,Separation
		  techniques,$\alpha$-Decay,$\alpha$-Internal-conversion-electron
		  coincidence spectro,$\alpha$-$\gamma$ Coincidence
		  spectroscopy},
  month		= dec,
  pages		= {308--332},
  publisher	= {Elsevier B.V.},
  title		= {Nuclear structure of elements with 100 ≤ Z ≤ 109 from
		  alpha spectroscopy},
  url		= {http://dx.doi.org/10.1016/j.nuclphysa.2015.06.011
		  https://linkinghub.elsevier.com/retrieve/pii/S0375947415001402},
  volume	= {944},
  year		= {2015}
}

@Article{	  backe2015,
  author	= {Backe, H. and Lauth, W. and Block, M. and Laatiaoui, M.},
  doi		= {10.1016/j.nuclphysa.2015.07.002},
  issn		= {03759474},
  journal	= {Nucl. Phys. A},
  keywords	= {Buffer-gas traps,Single-atom laser spectroscopy,Single-ion
		  chemistry,Single-ion mobility measurements,Superheavy
		  elements},
  month		= dec,
  pages		= {492--517},
  publisher	= {Elsevier B.V.},
  title		= {Prospects for laser spectroscopy, ion chemistry and
		  mobility measurements of superheavy elements in buffer-gas
		  traps},
  url		= {http://dx.doi.org/10.1016/j.nuclphysa.2015.07.002
		  https://linkinghub.elsevier.com/retrieve/pii/S0375947415001505},
  volume	= {944},
  year		= {2015}
}

@PhDThesis{	  balbuena2003,
  author	= {Balbuena, Edgar Teran},
  keywords	= {Review},
  mendeley-tags	= {Review},
  pages		= {82},
  school	= {Vanderbilt University},
  title		= {Hartree-Fock-Bogoliubov calculations for nuclei far from
		  stability},
  year		= {2003}
}

@Article{	  baran1978,
  author	= {Baran, Andrzej},
  doi		= {10.1016/0370-2693(78)90085-0},
  issn		= {03702693},
  journal	= {Phys. Lett. B},
  month		= may,
  number	= {1},
  pages		= {8--10},
  title		= {Some dynamical aspects of the fission process},
  url		= {http://linkinghub.elsevier.com/retrieve/pii/0370269378900850},
  volume	= {76},
  year		= {1978}
}

@Article{	  baran1981,
  author	= {Baran, Andrzej and Pomorski, Krzysztof and Lukasiak,
		  Andrzej and Sobiczewski, Adam},
  doi		= {10.1016/0375-9474(81)90471-1},
  issn		= {03759474},
  journal	= {Nucl. Phys. A},
  month		= may,
  number	= {1},
  pages		= {83--101},
  title		= {A dynamic analysis of spontaneous-fission half-lives},
  url		= {http://www.sciencedirect.com/science/article/pii/0375947481904711
		  http://linkinghub.elsevier.com/retrieve/pii/0375947481904711},
  volume	= {361},
  year		= {1981}
}

@Article{	  baran2011,
  archiveprefix	= {arXiv},
  arxivid	= {1007.3763},
  author	= {Baran, A. and Sheikh, J. A. and Dobaczewski, J. and
		  Nazarewicz, W. and Staszczak, A.},
  doi		= {10.1103/PhysRevC.84.054321},
  issn		= {0556-2813},
  journal	= {Phys. Rev. C},
  month		= nov,
  number	= {5},
  pages		= {054321},
  title		= {Quadrupole collective inertia in nuclear fission: Cranking
		  approximation},
  url		= {https://link.aps.org/doi/10.1103/PhysRevC.84.054321},
  volume	= {84},
  year		= {2011}
}

@Article{	  baran2015,
  annote	= {From Duplicate 2 (Fission barriers and probabilities of
		  spontaneous fission for elements with
		  {\$}{\{}Z{\}}\backslashge 100{\$} - Baran, A; Kowal, M;
		  Reinhard, P.-G.; Robledo, L M; Staszczak, A; Warda, M)
		  
		  Special Issue on Superheavy Elements},
  archiveprefix	= {arXiv},
  arxivid	= {1503.01608},
  author	= {Baran, A. and Kowal, M. and Reinhard, P.-G. and Robledo,
		  L.M. M and Staszczak, A. and Warda, M.},
  doi		= {10.1016/j.nuclphysa.2015.06.002},
  issn		= {03759474},
  journal	= {Nucl. Phys. A},
  keywords	= {Fission barriers,Fission half-lives,Gogny
		  functional,Macroscopic-microscopic method,Selfconsistent
		  methods,Skyrme functional},
  month		= dec,
  pages		= {442--470},
  publisher	= {Elsevier B.V.},
  title		= {Fission barriers and probabilities of spontaneous fission
		  for elements with Z ≥ 100},
  url		= {http://dx.doi.org/10.1016/j.nuclphysa.2015.06.002
		  https://linkinghub.elsevier.com/retrieve/pii/S037594741500130X
		  http://www.sciencedirect.com/science/article/pii/S037594741500130X},
  volume	= {944},
  year		= {2015}
}

@Article{	  baranger1978,
  author	= {Baranger, M and V{\'{e}}n{\'{e}}roni, M},
  doi		= {10.1016/0003-4916(78)90265-8},
  issn		= {00034916},
  journal	= {Ann. Phys. (N. Y).},
  month		= sep,
  number	= {1-2},
  pages		= {123--200},
  title		= {An adiabatic time-dependent Hartree-Fock theory of
		  collective motion in finite systems},
  url		= {http://linkinghub.elsevier.com/retrieve/pii/0003491678902658},
  volume	= {114},
  year		= {1978}
}

@Article{	  barnea2007,
  author	= {Barnea, Nir},
  doi		= {10.1103/PhysRevC.76.067302},
  issn		= {0556-2813},
  journal	= {Phys. Rev. C},
  month		= dec,
  number	= {6},
  pages		= {067302},
  title		= {Density functional theory for self-bound systems},
  url		= {https://link.aps.org/doi/10.1103/PhysRevC.76.067302},
  volume	= {76},
  year		= {2007}
}

@Article{	  bartel1982,
  author	= {Bartel, J and Quentin, P and Brack, M and Guet, C and
		  H{\aa}kansson, H.-B.},
  doi		= {10.1016/0375-9474(82)90403-1},
  issn		= {03759474},
  journal	= {Nucl. Phys. A},
  month		= sep,
  number	= {1},
  pages		= {79--100},
  title		= {Towards a better parametrisation of Skyrme-like effective
		  forces: A critical study of the SkM force},
  url		= {http://www.sciencedirect.com/science/article/pii/0375947482904031
		  http://linkinghub.elsevier.com/retrieve/pii/0375947482904031},
  volume	= {386},
  year		= {1982}
}

@Article{	  baumann2016,
  annote	= {Proceedings of the XVIIth International Conference on
		  Electromagnetic Isotope Separators and Related Topics
		  (EMIS2015), Grand Rapids, MI, U.S.A., 11-15 May 2015},
  author	= {Baumann, T and Hausmann, M and Sherrill, B.M. and Tarasov,
		  O.B.},
  doi		= {10.1016/j.nimb.2016.02.057},
  issn		= {0168583X},
  journal	= {Nucl. Instruments Methods Phys. Res. Sect. B Beam
		  Interact. with Mater. Atoms},
  keywords	= {Facility for Rare Isotope Beams,Isotope discovery,Rare
		  isotope beams},
  month		= jun,
  pages		= {33--34},
  title		= {Opportunities for isotope discoveries at FRIB},
  url		= {http://www.sciencedirect.com/science/article/pii/S0168583X16001877
		  https://linkinghub.elsevier.com/retrieve/pii/S0168583X16001877},
  volume	= {376},
  year		= {2016}
}

@Article{	  becke1990,
  author	= {Becke, A. D. and Edgecombe, K. E.},
  doi		= {10.1063/1.458517},
  issn		= {0021-9606},
  journal	= {J. Chem. Phys.},
  month		= may,
  number	= {9},
  pages		= {5397--5403},
  title		= {A simple measure of electron localization in atomic and
		  molecular systems},
  url		= {http://aip.scitation.org/doi/10.1063/1.458517},
  volume	= {92},
  year		= {1990}
}

@Article{	  bender2003,
  archiveprefix	= {arXiv},
  arxivid	= {nucl-th/9910025},
  author	= {Bender, Michael and Heenen, Paul-Henri and Reinhard,
		  Paul-Gerhard},
  doi		= {10.1103/RevModPhys.75.121},
  isbn		= {0034-6861},
  issn		= {0034-6861},
  journal	= {Rev. Mod. Phys.},
  month		= jan,
  number	= {1},
  pages		= {121--180},
  primaryclass	= {nucl-th},
  title		= {Self-consistent mean-field models for nuclear structure},
  url		= {https://link.aps.org/doi/10.1103/RevModPhys.75.121},
  volume	= {75},
  year		= {2003}
}

@Article{	  berger1989,
  author	= {Berger, J.F. and Girod, M and Gogny, D},
  doi		= {10.1016/0375-9474(89)90656-8},
  issn		= {03759474},
  journal	= {Nucl. Phys. A},
  month		= oct,
  pages		= {85--104},
  title		= {Constrained hartree-fock and beyond},
  url		= {http://www.sciencedirect.com/science/article/pii/0375947489906568
		  http://linkinghub.elsevier.com/retrieve/pii/0375947489906568},
  volume	= {502},
  year		= {1989}
}

@Article{	  berger2001,
  author	= {Berger, J.-F. and Bitaud, L. and Decharg{\'{e}}, J. and
		  Girod, M. and Dietrich, K.},
  doi		= {10.1016/S0375-9474(01)00524-3},
  issn		= {03759474},
  journal	= {Nucl. Phys. A},
  month		= mar,
  number	= {1-4},
  pages		= {1--16},
  title		= {Superheavy, hyperheavy and bubble nuclei},
  url		= {http://linkinghub.elsevier.com/retrieve/pii/S0375947401005243},
  volume	= {685},
  year		= {2001}
}

@Article{	  bernard2016,
  address	= {PO BOX 211, 1000 AE AMSTERDAM, NETHERLANDS},
  author	= {Bernard, R{\'{e}}mi N and Anguiano, Marta},
  doi		= {10.1016/j.nuclphysa.2016.03.017},
  issn		= {03759474},
  journal	= {Nucl. Phys. A},
  keywords	= {Axial deformation,Mean-field calculation,Pairing,Slater
		  approximation,Tensor interaction},
  month		= sep,
  pages		= {32--64},
  publisher	= {ELSEVIER SCIENCE BV},
  title		= {Interplay between tensor force and deformation in
		  even–even nuclei},
  type		= {Article},
  url		= {https://linkinghub.elsevier.com/retrieve/pii/S0375947416300033},
  volume	= {953},
  year		= {2016}
}

@Article{	  bertsch2015,
  archiveprefix	= {arXiv},
  arxivid	= {arXiv:1502.05985[nucl-th]},
  author	= {Bertsch, G F and Loveland, W and Nazarewicz, W and Talou,
		  P},
  doi		= {10.1088/0954-3899/42/7/077001},
  issn		= {0954-3899},
  journal	= {J. Phys. G Nucl. Part. Phys.},
  keywords	= {()},
  month		= jul,
  number	= {7},
  pages		= {077001},
  title		= {Benchmarking nuclear fission theory},
  url		= {http://stacks.iop.org/0954-3899/42/i=7/a=077001
		  http://stacks.iop.org/0954-3899/42/i=7/a=077001?key=crossref.ae0f96005308bae80ee639320cfea1d1},
  volume	= {42},
  year		= {2015}
}

@Article{	  beun2008,
  author	= {Beun, J and McLaughlin, G C and Surman, R and Hix, W R},
  doi		= {10.1103/PhysRevC.77.035804},
  issn		= {0556-2813},
  journal	= {Phys. Rev. C},
  month		= mar,
  number	= {3},
  pages		= {035804},
  publisher	= {American Physical Society},
  title		= {Fission cycling in a supernova r process},
  url		= {https://link.aps.org/doi/10.1103/PhysRevC.77.035804},
  volume	= {77},
  year		= {2008}
}

@Article{	  bjørnholm1980a,
  author	= {Bj{\o}rnholm, S. and Lynn, J. E.},
  doi		= {10.1103/RevModPhys.52.725},
  isbn		= {0034-6861},
  issn		= {0034-6861},
  journal	= {Rev. Mod. Phys.},
  month		= oct,
  number	= {4},
  pages		= {725--931},
  title		= {The double-humped fission barrier},
  url		= {https://link.aps.org/doi/10.1103/RevModPhys.52.725},
  volume	= {52},
  year		= {1980}
}

@Article{	  block2015,
  author	= {Block, M.},
  doi		= {10.1016/j.nuclphysa.2015.09.009},
  issn		= {03759474},
  journal	= {Nucl. Phys. A},
  keywords	= {Atomic mass,Mass spectrometry,Penning trap,Superheavy
		  nuclei},
  month		= dec,
  pages		= {471--491},
  publisher	= {Elsevier B.V.},
  title		= {Direct mass measurements of the heaviest elements with
		  Penning traps},
  url		= {http://dx.doi.org/10.1016/j.nuclphysa.2015.09.009
		  https://linkinghub.elsevier.com/retrieve/pii/S0375947415002080},
  volume	= {944},
  year		= {2015}
}

@Article{	  bohr1939,
  author	= {Bohr, Niels and Wheeler, John Archibald},
  doi		= {10.1103/PhysRev.56.426},
  isbn		= {041523025X},
  issn		= {0031-899X},
  journal	= {Phys. Rev.},
  month		= sep,
  number	= {5},
  pages		= {426--450},
  pmid		= {20454620},
  publisher	= {American Physical Society},
  title		= {The Mechanism of Nuclear Fission},
  url		= {https://link.aps.org/doi/10.1103/PhysRev.56.426},
  volume	= {56},
  year		= {1939}
}

@Article{	  bohr1939a,
  author	= {Bohr, N.},
  doi		= {10.1038/143330a0},
  issn		= {0028-0836},
  journal	= {Nature},
  month		= feb,
  number	= {3617},
  pages		= {330--330},
  title		= {Disintegration of Heavy Nuclei},
  url		= {http://www.nature.com/articles/143330a0},
  volume	= {143},
  year		= {1939}
}

@Article{	  bonneau2007,
  author	= {Bonneau, L. and Quentin, P. and Mikhailov, I. N.},
  doi		= {10.1103/PhysRevC.75.064313},
  issn		= {0556-2813},
  journal	= {Phys. Rev. C},
  month		= jun,
  number	= {6},
  pages		= {064313},
  publisher	= {American Physical Society},
  title		= {Scission configurations and their implication in
		  fission-fragment angular momenta},
  url		= {https://link.aps.org/doi/10.1103/PhysRevC.75.064313},
  volume	= {75},
  year		= {2007}
}

@Article{	  brack1972,
  author	= {Brack, M. and Damgaard, Jens and Jensen, A. S. and Pauli,
		  H. C. and Strutinsky, V. M. and Wong, C. Y.},
  doi		= {10.1103/RevModPhys.44.320},
  isbn		= {0034-6861},
  issn		= {0034-6861},
  journal	= {Rev. Mod. Phys.},
  month		= apr,
  number	= {2},
  pages		= {320--405},
  publisher	= {American Physical Society},
  title		= {Funny Hills: The Shell-Correction Approach to Nuclear
		  Shell Effects and Its Applications to the Fission Process},
  url		= {https://link.aps.org/doi/10.1103/RevModPhys.44.320},
  volume	= {44},
  year		= {1972}
}

@Article{	  brandt1963,
  author	= {Brandt, Reinhard and Thompson, Stanley G and Gatti,
		  Raymond C and Phillips, Llad},
  doi		= {10.1103/PhysRev.131.2617},
  issn		= {0031-899X},
  journal	= {Phys. Rev.},
  month		= sep,
  number	= {6},
  pages		= {2617--2624},
  publisher	= {American Physical Society},
  title		= {Mass and Energy Distributions in the Spontaneous Fission
		  of Some Heavy Isotopes},
  url		= {https://link.aps.org/doi/10.1103/PhysRev.131.2617},
  volume	= {131},
  year		= {1963}
}

@Article{	  brewer2018,
  author	= {Brewer, N T and others},
  doi		= {10.1103/PhysRevC.98.024317},
  issn		= {2469-9985},
  journal	= {Phys. Rev. C},
  month		= aug,
  number	= {2},
  pages		= {024317},
  title		= {Search for the heaviest atomic nuclei among the products
		  from reactions of mixed-Cf with a Ca48 beam},
  url		= {https://link.aps.org/doi/10.1103/PhysRevC.98.024317},
  volume	= {98},
  year		= {2018}
}

@Book{		  brink2005,
  address	= {Cambridge},
  author	= {Brink, David M. and Broglia, Ricardo A.},
  doi		= {10.1017/CBO9780511534911},
  isbn		= {9780511534911},
  publisher	= {Cambridge University Press},
  title		= {Nuclear Superfluidity},
  url		= {https://www.cambridge.org/core/product/identifier/9780511534911/type/book},
  year		= {2005}
}

@Article{	  bulgac2015a,
  archiveprefix	= {arXiv},
  arxivid	= {1511.00738},
  author	= {Bulgac, Aurel and Magierski, Piotr and Roche, Kenneth J
		  and Stetcu, Ionel},
  doi		= {10.1103/PhysRevLett.116.122504},
  month		= nov,
  pages		= {1--7},
  title		= {Induced Fission of {\$}{\^{}}{\{}240{\}}{\$}Pu within a
		  Real-Time Microscopic Framework},
  url		= {http://arxiv.org/abs/1511.00738
		  http://dx.doi.org/10.1103/PhysRevLett.116.122504},
  volume	= {21},
  year		= {2015}
}

@Article{	  bulgac2016,
  author	= {Bulgac, Aurel and Magierski, Piotr and Roche, Kenneth J
		  and Stetcu, Ionel},
  doi		= {10.1103/PhysRevLett.116.122504},
  issn		= {0031-9007},
  journal	= {Phys. Rev. Lett.},
  month		= mar,
  number	= {12},
  pages		= {122504},
  publisher	= {American Physical Society},
  title		= {Induced Fission of Pu240 within a Real-Time Microscopic
		  Framework},
  url		= {https://link.aps.org/doi/10.1103/PhysRevLett.116.122504},
  volume	= {116},
  year		= {2016}
}

@Article{	  bulgac2016a,
  author	= {Bulgac, Aurel and Magierski, Piotr and Roche, Kenneth J.
		  and Stetcu, Ionel},
  doi		= {10.1103/PhysRevLett.116.122504},
  issn		= {0031-9007},
  journal	= {Phys. Rev. Lett.},
  month		= mar,
  number	= {12},
  pages		= {122504},
  title		= {Induced Fission of Pu240 within a Real-Time Microscopic
		  Framework},
  url		= {https://link.aps.org/doi/10.1103/PhysRevLett.116.122504},
  volume	= {116},
  year		= {2016}
}

@Article{	  bulgac2017a,
  archiveprefix	= {arXiv},
  arxivid	= {1704.00689},
  author	= {Bulgac, Aurel and Jin, Shi and Magierski, Piotr and Roche,
		  Kenneth J and Stetcu, Ionel},
  journal	= {Proc. Sci.},
  keywords	= {Review},
  mendeley-tags	= {Review},
  month		= apr,
  pages		= {0--7},
  title		= {Microscopic Theory of Nuclear Fission},
  url		= {http://arxiv.org/abs/1704.00689},
  year		= {2017}
}

@Article{	  bulgac2017b,
  archiveprefix	= {arXiv},
  arxivid	= {1705.00052},
  author	= {Bulgac, Aurel and Jin, Shi and Magierski, Piotr and Roche,
		  Kenneth and Schunck, Nicolas and Stetcu, Ionel},
  doi		= {10.1051/epjconf/201716300007},
  editor	= {Simpson, E.C. and Simenel, C. and Cook, K.J. and Carter,
		  I.P.},
  issn		= {2100-014X},
  journal	= {EPJ Web Conf.},
  month		= nov,
  pages		= {00007},
  title		= {Nuclear Fission: from more phenomenology and adjusted
		  parameters to more fundamental theory and increased
		  predictive power},
  url		= {http://arxiv.org/abs/1705.00052
		  http://dx.doi.org/10.1051/epjconf/201716300007
		  http://www.epj-conferences.org/10.1051/epjconf/201716300007},
  volume	= {163},
  year		= {2017}
}

@Article{	  bulgac2018,
  archiveprefix	= {arXiv},
  arxivid	= {1806.00694},
  author	= {Bulgac, Aurel and Jin, Shi and Roche, Kenneth and Schunck,
		  Nicolas and Stetcu, Ionel},
  keywords	= {Nuclear Theory},
  month		= jun,
  title		= {Fission Dynamics},
  url		= {http://arxiv.org/abs/1806.00694},
  year		= {2018}
}

@Article{	  bulgac2018a,
  archiveprefix	= {arXiv},
  arxivid	= {1805.08908},
  author	= {Bulgac, Aurel and Jin, Shi and Stetcu, Ionel},
  month		= may,
  title		= {Unitary evolution with fluctuations and dissipation},
  url		= {http://arxiv.org/abs/1805.08908},
  year		= {2018}
}

@Article{	  butler2016,
  author	= {Butler, P A},
  doi		= {10.1088/0954-3899/43/7/073002},
  issn		= {0954-3899},
  journal	= {J. Phys. G Nucl. Part. Phys.},
  keywords	= {experiment + theory review,nuclear structure,octupole
		  shapes},
  month		= jul,
  number	= {7},
  pages		= {073002},
  publisher	= {IOP Publishing},
  title		= {Octupole collectivity in nuclei},
  url		= {http://dx.doi.org/10.1088/0954-3899/43/7/073002
		  http://stacks.iop.org/0954-3899/43/i=7/a=073002?key=crossref.be9f7c1e4fdcff6cb3f073cacd8198c7},
  volume	= {43},
  year		= {2016}
}

@Article{	  callen1951,
  author	= {Callen, Herbert B. and Welton, Theodore A.},
  doi		= {10.1103/PhysRev.83.34},
  issn		= {0031-899X},
  journal	= {Phys. Rev.},
  month		= jul,
  number	= {1},
  pages		= {34--40},
  title		= {Irreversibility and Generalized Noise},
  url		= {https://link.aps.org/doi/10.1103/PhysRev.83.34},
  volume	= {83},
  year		= {1951}
}

@Article{	  carjan2017,
  author	= {Carjan, N. and Ivanyuk, F.A. and Oganessian, Yu.Ts.},
  doi		= {10.1016/j.nuclphysa.2017.06.048},
  issn		= {03759474},
  journal	= {Nucl. Phys. A},
  keywords	= {Fission fragment mass distributions,Generalized Cassini
		  ovals,Pre-scission point model,Spontaneous
		  fission,Strutinsky shell-correction method,Super-heavy
		  elements},
  month		= dec,
  pages		= {453--464},
  publisher	= {Elsevier B.V.},
  title		= {Pre-scission model predictions of fission fragment mass
		  distributions for super-heavy elements},
  url		= {http://dx.doi.org/10.1016/j.nuclphysa.2017.06.048
		  https://linkinghub.elsevier.com/retrieve/pii/S0375947417303093},
  volume	= {968},
  year		= {2017}
}

@Article{	  carlson2017,
  author	= {Carlson, Joseph and others},
  doi		= {10.2172/1369223},
  institution	= {USDOE Office of Science (SC) (United States)},
  month		= feb,
  title		= {Nuclear Physics Exascale Requirements Review: An Office of
		  Science review sponsored jointly by Advanced Scientific
		  Computing Research and Nuclear Physics, June 15 - 17, 2016,
		  Gaithersburg, Maryland},
  url		= {http://www.osti.gov/servlets/purl/1369223/},
  year		= {2017}
}

@Article{	  chai2018,
  archiveprefix	= {arXiv},
  arxivid	= {1803.04616},
  author	= {Chai, Qing-zhen and Zhao, Wei-juan and Liu, Min-liang and
		  Wang, Hua-lei},
  doi		= {10.1088/1674-1137/42/5/054101},
  issn		= {1674-1137},
  journal	= {Chinese Phys. C},
  keywords	= {054101,10,1088,1674-1137,21,42,5,60,cs,doi,ev,pacs,potential
		  energy surface approach,re,static fission
		  barriers,triaxiality,woods-saxon potential},
  month		= may,
  number	= {5},
  pages		= {054101},
  title		= {Calculation of multidimensional potential energy surfaces
		  for even-even transuranium nuclei: systematic investigation
		  of the triaxiality effect on the fission barrier},
  url		= {http://arxiv.org/abs/1803.04616{\%}0Ahttp://dx.doi.org/10.1088/1674-1137/42/5/054101
		  http://stacks.iop.org/1674-1137/42/i=5/a=054101?key=crossref.7cbe019276a8630359671f4d0276f114},
  volume	= {42},
  year		= {2018}
}

@Article{	  chasman1976,
  author	= {Chasman, R. R.},
  doi		= {10.1103/PhysRevC.14.1935},
  issn		= {0556-2813},
  journal	= {Phys. Rev. C},
  month		= nov,
  number	= {5},
  pages		= {1935--1945},
  title		= {Density-dependent delta interactions and actinide pairing
		  matrix elements},
  url		= {https://link.aps.org/doi/10.1103/PhysRevC.14.1935},
  volume	= {14},
  year		= {1976}
}

@Article{	  colo2018,
  archiveprefix	= {arXiv},
  arxivid	= {1807.02643},
  author	= {Colo', G.},
  pages		= {1--35},
  title		= {Density Functional Theory (DFT) for atomic nuclei: a
		  simple introduction},
  url		= {http://arxiv.org/abs/1807.02643},
  year		= {2018}
}

@Article{	  decharge1980,
  author	= {Decharg{\'{e}}, J. and Gogny, D.},
  doi		= {10.1103/PhysRevC.21.1568},
  issn		= {0556-2813},
  journal	= {Phys. Rev. C},
  month		= apr,
  number	= {4},
  pages		= {1568--1593},
  title		= {Hartree-Fock-Bogolyubov calculations with the D1 effective
		  interaction on spherical nuclei},
  url		= {https://link.aps.org/doi/10.1103/PhysRevC.21.1568},
  volume	= {21},
  year		= {1980}
}

@InBook{	  detmold2015,
  address	= {Cham},
  author	= {Detmold, William},
  booktitle	= {Lattice QCD Nucl. Phys.},
  doi		= {10.1007/978-3-319-08022-2_5},
  editor	= {Lin, Huey-Wen and Meyer, Harvey B},
  isbn		= {978-3-319-08022-2},
  pages		= {153--194},
  publisher	= {Springer International Publishing},
  title		= {Nuclear Physics from Lattice QCD},
  url		= {https://doi.org/10.1007/978-3-319-08022-2{\_}5
		  http://link.springer.com/10.1007/978-3-319-08022-2{\_}5},
  year		= {2015}
}

@Article{	  dietrich2010,
  archiveprefix	= {arXiv},
  arxivid	= {0911.1674},
  author	= {Dietrich, K. and Niez, J.-J. and Berger, J.-F.},
  doi		= {10.1016/j.nuclphysa.2009.11.004},
  isbn		= {0375-9474},
  issn		= {03759474},
  journal	= {Nucl. Phys. A},
  keywords	= {Fission,GCM,HFB,Nuclear transport theory},
  month		= jan,
  number	= {3-4},
  pages		= {249--288},
  publisher	= {Elsevier B.V.},
  title		= {Microscopic transport theory of nuclear processes},
  url		= {http://dx.doi.org/10.1016/j.nuclphysa.2009.11.004
		  http://linkinghub.elsevier.com/retrieve/pii/S0375947409008951},
  volume	= {832},
  year		= {2010}
}

@Article{	  dmitriev2016,
  author	= {Dmitriev, S and Itkis, M and Oganessian, Y},
  doi		= {10.1051/epjconf/201613108001},
  journal	= {EPJ Web Conf.},
  pages		= {8001},
  title		= {Status and perspectives of the {\{}Dubna{\}} superheavy
		  element factory},
  url		= {10.1051/epjconf/201613108001},
  volume	= {131},
  year		= {2016}
}

@Article{	  dobaczewski1995,
  author	= {Dobaczewski, J. and Dudek, J.},
  doi		= {10.1103/PhysRevC.52.1827},
  issn		= {0556-2813},
  journal	= {Phys. Rev. C},
  month		= oct,
  number	= {4},
  pages		= {1827--1839},
  title		= {Time-odd components in the mean field of rotating
		  superdeformed nuclei},
  url		= {https://link.aps.org/doi/10.1103/PhysRevC.52.1827},
  volume	= {52},
  year		= {1995}
}

@Article{	  dobaczewski1997,
  archiveprefix	= {arXiv},
  arxivid	= {nucl-th/9611036},
  author	= {Dobaczewski, J and Dudek, J.},
  doi		= {10.1016/S0010-4655(97)00005-2},
  isbn		= {0010-4655},
  issn		= {00104655},
  journal	= {Comput. Phys. Commun.},
  keywords	= {0705T,2160-n,2160Jz,PACS},
  month		= may,
  number	= {1-3},
  pages		= {183--209},
  primaryclass	= {nucl-th},
  title		= {Solution of the Skyrme—Hartree—Fock equations in the
		  Cartesian deformed harmonic oscillator basis II. The
		  program HFODD},
  url		= {http://arxiv.org/abs/nucl-th/9611036
		  http://linkinghub.elsevier.com/retrieve/pii/S0010465597000052},
  volume	= {102},
  year		= {1997}
}

@Article{	  dobaczewski1997a,
  archiveprefix	= {arXiv},
  arxivid	= {nucl-th/9611036},
  author	= {Dobaczewski, J. and Dudek, J.},
  doi		= {10.1016/S0010-4655(97)00005-2},
  isbn		= {0010-4655},
  issn		= {00104655},
  journal	= {Comput. Phys. Commun.},
  keywords	= {0705T,2160-n,2160Jz Keywords,Coulomb field,Harmonic
		  oscillator,Hartree-Fock,High-spin states,Level
		  crossings,Moments of inertia,Nuclear many-body
		  problem,Nuclear radii,Nuclear rotation,Octupole
		  deformation,PACS,Pairing,Point symmetries,Quadrupole
		  deformation,Self-consistent mean-field,Single-particle
		  spectra,Skyrme interaction,Superdeformation},
  month		= may,
  number	= {1-3},
  pages		= {183--209},
  primaryclass	= {nucl-th},
  title		= {Solution of the Skyrme—Hartree—Fock equations in the
		  Cartesian deformed harmonic oscillator basis II. The
		  program HFODD},
  url		= {http://arxiv.org/abs/nucl-th/9611036
		  http://linkinghub.elsevier.com/retrieve/pii/S0010465597000052},
  volume	= {102},
  year		= {1997}
}

@Article{	  dobaczewski1999,
  archiveprefix	= {arXiv},
  arxivid	= {nucl-th/9912072},
  author	= {Dobaczewski, J and Dudek, J and Rohozinski, S. G. and
		  Werner, T R},
  doi		= {10.1103/PhysRevC.62.014310},
  keywords	= {Symmetries},
  mendeley-tags	= {Symmetries},
  month		= dec,
  primaryclass	= {nucl-th},
  title		= {Point symmetries in the Hartree-Fock approach: Densities,
		  shapes and currents},
  url		= {http://arxiv.org/abs/nucl-th/9912072
		  http://dx.doi.org/10.1103/PhysRevC.62.014310},
  year		= {1999}
}

@Article{	  dobaczewski2000,
  author	= {Dobaczewski, J. and Dudek, J. and Rohozi{\'{n}}ski, S. G.
		  and Werner, T. R.},
  doi		= {10.1103/PhysRevC.62.014311},
  issn		= {0556-2813},
  journal	= {Phys. Rev. C},
  month		= jun,
  number	= {1},
  pages		= {014311},
  title		= {Point symmetries in the Hartree-Fock approach. II.
		  Symmetry-breaking schemes},
  url		= {https://link.aps.org/doi/10.1103/PhysRevC.62.014311},
  volume	= {62},
  year		= {2000}
}

@Article{	  dobaczewski2000,
  archiveprefix	= {arXiv},
  arxivid	= {nucl-th/0003003},
  author	= {Dobaczewski, J. and Dudek, J.},
  doi		= {10.1016/S0010-4655(00)00121-1},
  isbn		= {0010-4655},
  issn		= {00104655},
  journal	= {Comput. Phys. Commun.},
  month		= sep,
  number	= {1-2},
  pages		= {164--186},
  primaryclass	= {nucl-th},
  title		= {Solution of the Skyrme–Hartree–Fock equations in the
		  Cartesian deformed harmonic-oscillator basis. (III) HFODD
		  (v1.75r): a new version of the program},
  url		= {http://linkinghub.elsevier.com/retrieve/pii/S0010465500001211},
  volume	= {131},
  year		= {2000}
}

@Article{	  dobaczewski2002,
  author	= {Dobaczewski, J. and Nazarewicz, W. and Stoitsov, M.V.},
  doi		= {10.1140/epja/i2001-10218-8},
  issn		= {1434-6001},
  journal	= {Eur. Phys. J. A},
  month		= sep,
  number	= {1},
  pages		= {21--26},
  title		= {Nuclear ground-state properties from mean-field
		  calculations},
  url		= {https://doi.org/10.1140/epja/i2001-10218-8
		  http://link.springer.com/10.1140/epja/i2001-10218-8},
  volume	= {15},
  year		= {2002}
}

@Article{	  dobaczewski2003,
  archiveprefix	= {arXiv},
  arxivid	= {nucl-th/0301069},
  author	= {Dobaczewski, J.},
  month		= jan,
  primaryclass	= {nucl-th},
  title		= {Interactions, symmetry breaking, and effective fields from
		  quarks to nuclei. (A primer in nuclear theory)},
  url		= {http://arxiv.org/abs/nucl-th/0301069},
  year		= {2003}
}

@Article{	  dobaczewski2004,
  archiveprefix	= {arXiv},
  arxivid	= {arXiv:nucl-th/0401006v1},
  author	= {Dobaczewski, J. and Olbratowski, P.},
  doi		= {10.1016/j.cpc.2004.02.003},
  isbn		= {0010-4655},
  issn		= {00104655},
  journal	= {Comput. Phys. Commun.},
  keywords	= {Hartree-Fock,Hartree-Fock-Bogolyubov,Nuclear many-body
		  problem,Nuclear physics,Nuclear radii,Nuclear
		  rotation,Octupole deformation,Pairing,Quadrupole
		  deformation,Self-consistent mean field,Single-particle
		  spectra,Skyrme interaction,Superdeformation},
  month		= apr,
  number	= {3},
  pages		= {158--191},
  primaryclass	= {arXiv:nucl-th},
  title		= {Solution of the Skyrme–Hartree–Fock–Bogolyubov
		  equations in the Cartesian deformed harmonic-oscillator
		  basis. (IV) HFODD (v2.08i): a new version of the program},
  url		= {http://linkinghub.elsevier.com/retrieve/pii/S0010465505000779
		  http://linkinghub.elsevier.com/retrieve/pii/S0010465504000797},
  volume	= {158},
  year		= {2004}
}

@Article{	  dobaczewski2005,
  archiveprefix	= {arXiv},
  arxivid	= {arXiv:nucl-th/0401006v1},
  author	= {Dobaczewski, J. and Olbratowski, P.},
  doi		= {10.1016/j.cpc.2005.01.014},
  isbn		= {0010-4655},
  issn		= {00104655},
  journal	= {Comput. Phys. Commun.},
  keywords	= {Hartree-Fock,Hartree-Fock-Bogolyubov,Nuclear many-body
		  problem,Nuclear physics,Nuclear radii,Nuclear
		  rotation,Octupole deformation,Pairing,Quadrupole
		  deformation,Self-consistent mean field,Single-particle
		  spectra,Skyrme interaction,Superdeformation},
  month		= may,
  number	= {3},
  pages		= {214--216},
  primaryclass	= {arXiv:nucl-th},
  title		= {Solution of the Skyrme–Hartree–Fock–Bogolyubov
		  equations in the Cartesian deformed harmonic-oscillator
		  basis. (V) HFODD(v2.08k)},
  url		= {http://linkinghub.elsevier.com/retrieve/pii/S0010465505000779},
  volume	= {167},
  year		= {2005}
}

@Article{	  dobaczewski2007,
  author	= {Dobaczewski, J and Stoitsov, M V and Nazarewicz, W and
		  Reinhard, P.-G.},
  doi		= {10.1103/PhysRevC.76.054315},
  journal	= {Phys. Rev. C},
  month		= nov,
  number	= {5},
  pages		= {54315},
  publisher	= {American Physical Society},
  title		= {Particle-number projection and the density functional
		  theory},
  url		= {https://link.aps.org/doi/10.1103/PhysRevC.76.054315},
  volume	= {76},
  year		= {2007}
}

@Article{	  dobaczewski2009,
  archiveprefix	= {arXiv},
  arxivid	= {0909.3626},
  author	= {Dobaczewski, J and Carlsson, B G and Dudek, J and Engel, J
		  and Olbratowski, P and Powa{\l}owski, P and Sadziak, M and
		  Sarich, J and Satu{\l}a, W and Schunck, N and Staszczak, A.
		  and Stoitsov, M. and Zalewski, M. and Zdu{\'{n}}czuk, H.},
  month		= sep,
  title		= {HFODD (v2.40h) User's Guide},
  url		= {http://arxiv.org/abs/0909.3626},
  year		= {2009}
}

@Article{	  dobaczewski2009a,
  author	= {Dobaczewski, J and Satu{\l}a, W and Carlsson, BG and
		  Engel, J and Olbratowski, P and Powa{\l}owski, P and
		  Sadziak, M and Sarich, J and Schunck, N and Staszczak, A
		  and Stoitsov, M and Zalewski, M and Zdu{\'{n}}czuk, H},
  doi		= {10.1016/j.cpc.2009.08.009},
  issn		= {00104655},
  journal	= {Comput. Phys. Commun.},
  month		= nov,
  number	= {11},
  pages		= {2361--2391},
  title		= {Solution of the Skyrme–Hartree–Fock–Bogolyubov
		  equations in the Cartesian deformed harmonic-oscillator
		  basis.},
  url		= {www.elsevier.com/locate/cpc
		  http://linkinghub.elsevier.com/retrieve/pii/S0010465509002598},
  volume	= {180},
  year		= {2009}
}

@Article{	  dobaczewski2012,
  archiveprefix	= {arXiv},
  arxivid	= {1206.2600},
  author	= {Dobaczewski, J and Nazarewicz, W},
  chapter	= {1},
  doi		= {10.1142/9789814412490_0004},
  editor	= {Zelevinsky, V. and Broglia, R. A.},
  month		= jun,
  pages		= {1--24},
  publisher	= {World Scientific Review},
  title		= {Hartree-Fock-Bogoliubov solution of the pairing
		  Hamiltonian in finite nuclei},
  url		= {http://arxiv.org/abs/1206.2600
		  http://dx.doi.org/10.1142/9789814412490{\_}0004},
  year		= {2012}
}

@Article{	  dobaczewski2014,
  author	= {Dobaczewski, J and Nazarewicz, W and Reinhard, PG},
  doi		= {10.1088/0954-3899/41/7/074001},
  issn		= {0954-3899},
  journal	= {J. Phys. G Nucl. Part. Phys.},
  month		= jul,
  number	= {7},
  pages		= {074001},
  title		= {Error estimates of theoretical models: a guide},
  url		= {http://stacks.iop.org/0954-3899/41/i=7/a=074001?key=crossref.2d79f164a94d66e06b63a5f83bb2ea4c},
  volume	= {41},
  year		= {2014}
}

@Article{	  dobaczewski2015,
  archiveprefix	= {arXiv},
  arxivid	= {1504.03245},
  author	= {Dobaczewski, J. and Afanasjev, A.V. and Bender, M. and
		  Robledo, L.M. and Shi, Yue},
  doi		= {10.1016/j.nuclphysa.2015.07.015},
  issn		= {03759474},
  journal	= {Nucl. Phys. A},
  keywords	= {Heavy and superheavy nuclei,Moments of inertia,Nuclear
		  energy density functionals,Nuclear masses,Odd-even mass
		  staggering,Quasiparticle excitations},
  month		= dec,
  pages		= {388--414},
  publisher	= {Elsevier B.V.},
  title		= {Properties of nuclei in the nobelium region studied within
		  the covariant, Skyrme, and Gogny energy density
		  functionals},
  url		= {http://dx.doi.org/10.1016/j.nuclphysa.2015.07.015
		  https://linkinghub.elsevier.com/retrieve/pii/S0375947415001633},
  volume	= {944},
  year		= {2015}
}

@Book{		  dobaczewski2016,
  author	= {Dobaczewski, J. and Idini, A and Pastore, A. and Schunck,
		  Nicolas},
  keywords	= {Review},
  mendeley-tags	= {Review},
  title		= {DFT TALENT notes},
  year		= {2016}
}

@Article{	  drout2017,
  author	= {Drout, M R and Piro, A L and Shappee, B J and Kilpatrick,
		  C D and Simon, J D and Contreras, C and Coulter, D A and
		  Foley, R J and Siebert, M R and Morrell, N and Boutsia, K
		  and {Di Mille}, F and Holoien, T W.-S. and Kasen, D and
		  Kollmeier, J A and Madore, B F and Monson, A J and
		  Murguia-Berthier, A and Pan, Y.-C. and Prochaska, J X and
		  Ramirez-Ruiz, E and Rest, A and Adams, C and Alatalo, K and
		  Ba{\~{n}}ados, E and Baughman, J and Beers, T C and
		  Bernstein, R A and Bitsakis, T and Campillay, A and Hansen,
		  T T and Higgs, C R and Ji, A P and Maravelias, G and
		  Marshall, J L and Bidin, C Moni and Prieto, J L and
		  Rasmussen, K C and Rojas-Bravo, C and Strom, A L and Ulloa,
		  N and Vargas-Gonz{\'{a}}lez, J and Wan, Z and Whitten, D D},
  doi		= {10.1126/science.aaq0049},
  issn		= {0036-8075},
  journal	= {Science (80-. ).},
  month		= dec,
  number	= {6370},
  pages		= {1570--1574},
  publisher	= {American Association for the Advancement of Science},
  title		= {Light curves of the neutron star merger GW170817/SSS17a:
		  Implications for r-process nucleosynthesis},
  url		= {https://science.sciencemag.org/content/358/6370/1570
		  http://www.sciencemag.org/lookup/doi/10.1126/science.aaq0049},
  volume	= {358},
  year		= {2017}
}

@Article{	  dubray2012,
  archiveprefix	= {arXiv},
  arxivid	= {1112.4196},
  author	= {Dubray, N. and Regnier, D.},
  doi		= {10.1016/j.cpc.2012.05.001},
  issn		= {00104655},
  journal	= {Comput. Phys. Commun.},
  keywords	= {HFB,Potential energy surfaces,Self-consistent
		  methods,Total binding energy},
  month		= oct,
  number	= {10},
  pages		= {2035--2041},
  publisher	= {Elsevier B.V.},
  title		= {Numerical search of discontinuities in self-consistent
		  potential energy surfaces},
  url		= {http://dx.doi.org/10.1016/j.cpc.2012.05.001
		  https://linkinghub.elsevier.com/retrieve/pii/S0010465512001671
		  http://www.sciencedirect.com/science/article/pii/S0010465512001671},
  volume	= {183},
  year		= {2012}
}

@Article{	  duellmann2018,
  author	= {D{\"{u}}llmann, C E and Block, M},
  journal	= {Sci. Am.},
  pages		= {48},
  title		= {The Quest for Superheavy Elements and the Island of
		  Stability},
  url		= {https://www.scientificamerican.com/article/the-quest-for-superheavy-elements-and-the-island-of-stability/},
  volume	= {318},
  year		= {2018}
}

@Article{	  duguet2009,
  author	= {Duguet, T and Bender, M and Bennaceur, K and Lacroix, D
		  and Lesinski, T},
  doi		= {10.1103/PhysRevC.79.044320},
  journal	= {Phys. Rev. C},
  month		= apr,
  number	= {4},
  pages		= {44320},
  publisher	= {American Physical Society},
  title		= {Particle-number restoration within the energy density
		  functional formalism: Nonviability of terms depending on
		  noninteger powers of the density matrices},
  url		= {https://link.aps.org/doi/10.1103/PhysRevC.79.044320},
  volume	= {79},
  year		= {2009}
}

@Article{	  dullmann2015,
  author	= {D{\"{u}}llmann, Christoph E. and Herzberg, Rolf-Dietmar
		  and Nazarewicz, Witold and Oganessian, Yuri},
  doi		= {10.1016/j.nuclphysa.2015.11.004},
  issn		= {03759474},
  journal	= {Nucl. Phys. A},
  month		= dec,
  pages		= {1--2},
  title		= {Foreword},
  url		= {https://linkinghub.elsevier.com/retrieve/pii/S0375947415002377},
  volume	= {944},
  year		= {2015}
}

@Article{	  egido1986,
  author	= {Egido, J.L. and Dorso, C. and Rasmussen, J.O. and Ring,
		  P.},
  doi		= {10.1016/0370-2693(86)91484-X},
  issn		= {03702693},
  journal	= {Phys. Lett. B},
  month		= oct,
  number	= {2-3},
  pages		= {139--144},
  title		= {The nuclear deformation parameters at high excitation
		  energies},
  url		= {https://linkinghub.elsevier.com/retrieve/pii/037026938691484X},
  volume	= {178},
  year		= {1986}
}

@Article{	  eichler2015,
  author	= {Eichler, M and Arcones, A and Kelic, A and Korobkin, O and
		  Langanke, K and Marketin, T and Martinez-Pinedo, G and
		  Panov, I and Rauscher, T and Rosswog, S and Winteler, C and
		  Zinner, N T and Thielemann, F.-K.},
  journal	= {Astrophys. J.},
  number	= {1},
  pages		= {30},
  title		= {The Role of Fission in Neutron Star Mergers and Its Impact
		  on the r-Process Peaks},
  url		= {http://stacks.iop.org/0004-637X/808/i=1/a=30},
  volume	= {808},
  year		= {2015}
}

@Article{	  eliav2015,
  author	= {Eliav, Ephraim and Fritzsche, Stephan and Kaldor, Uzi},
  doi		= {10.1016/j.nuclphysa.2015.06.017},
  issn		= {03759474},
  journal	= {Nucl. Phys. A},
  keywords	= {Coupled cluster methods,Electron
		  correlation,Multiconfiguration SCF,Relativity,Superheavy
		  elements},
  month		= dec,
  pages		= {518--550},
  publisher	= {Elsevier B.V.},
  title		= {Electronic structure theory of the superheavy elements},
  url		= {http://dx.doi.org/10.1016/j.nuclphysa.2015.06.017
		  https://linkinghub.elsevier.com/retrieve/pii/S0375947415001463},
  volume	= {944},
  year		= {2015}
}

@Article{	  engel1975,
  author	= {Engel, Y.M. and Brink, D.M. and Goeke, K. and Krieger,
		  S.J. and Vautherin, D.},
  doi		= {10.1016/0375-9474(75)90184-0},
  isbn		= {0375-9474},
  issn		= {03759474},
  journal	= {Nucl. Phys. A},
  month		= sep,
  number	= {2},
  pages		= {215--238},
  title		= {Time-dependent hartree-fock theory with Skyrme's
		  interaction},
  url		= {http://linkinghub.elsevier.com/retrieve/pii/0375947475901840},
  volume	= {249},
  year		= {1975}
}

@Article{	  engel2007,
  author	= {Engel, J},
  doi		= {10.1103/PhysRevC.75.014306},
  journal	= {Phys. Rev. C},
  month		= jan,
  number	= {1},
  pages		= {14306},
  publisher	= {American Physical Society},
  title		= {Intrinsic-density functionals},
  url		= {https://link.aps.org/doi/10.1103/PhysRevC.75.014306},
  volume	= {75},
  year		= {2007}
}

@Article{	  epelbaum2009,
  author	= {Epelbaum, E and Hammer, H.-W. and Mei{\ss}ner, Ulf-G.},
  doi		= {10.1103/RevModPhys.81.1773},
  issn		= {0034-6861},
  journal	= {Rev. Mod. Phys.},
  month		= dec,
  number	= {4},
  pages		= {1773--1825},
  publisher	= {American Physical Society},
  title		= {Modern theory of nuclear forces},
  url		= {https://link.aps.org/doi/10.1103/RevModPhys.81.1773},
  volume	= {81},
  year		= {2009}
}

@Article{	  erler2012,
  author	= {Erler, J and Langanke, K and Loens, H P and
		  Mart$\backslash$'$\backslash$inez-Pinedo, G and Reinhard,
		  P.-G.},
  doi		= {10.1103/PhysRevC.85.025802},
  journal	= {Phys. Rev. C},
  month		= feb,
  number	= {2},
  pages		= {25802},
  publisher	= {American Physical Society},
  title		= {Fission properties for {\$}r{\$}-process nuclei},
  url		= {https://link.aps.org/doi/10.1103/PhysRevC.85.025802},
  volume	= {85},
  year		= {2012}
}

@Article{	  fayans2000,
  author	= {Fayans, S.A. and Tolokonnikov, S.V. and Trykov, E.L. and
		  Zawischa, D.},
  doi		= {10.1016/S0375-9474(00)00192-5},
  issn		= {03759474},
  journal	= {Nucl. Phys. A},
  keywords	= {Dilute limit,Effective pairing interaction,Isotope
		  shifts,Local energy-density functional,Staggering effects
		  in nuclear properties,Sum rules,Superfluid nuclear matter},
  month		= aug,
  number	= {1-4},
  pages		= {49--119},
  title		= {Nuclear isotope shifts within the local energy-density
		  functional approach},
  url		= {http://linkinghub.elsevier.com/retrieve/pii/S0375947400001925},
  volume	= {676},
  year		= {2000}
}

@Article{	  fission_tools,
  author	= {Fission{\_}Tools},
  journal	= {gitlab.com/zachmath/fission{\_}tools/},
  publisher	= {GitLab},
  title		= {Fission Tools},
  url		= {https://gitlab.com/zachmath/fission{\_}tools/},
  year		= {2019}
}

@Article{	  flerov1940,
  author	= {Flerov, G.N. and Petrjak, K.A.},
  doi		= {10.1103/PhysRev.58.89.2},
  issn		= {0031-899X},
  journal	= {Phys. Rev.},
  month		= jul,
  number	= {1},
  pages		= {89--89},
  publisher	= {American Physical Society},
  title		= {Spontaneous Fission of Uranium},
  url		= {https://link.aps.org/doi/10.1103/PhysRev.58.89.2},
  volume	= {58},
  year		= {1940}
}

@Article{	  flocard1997,
  author	= {Flocard, H and Onishi, N},
  doi		= {10.1006/aphy.1996.5572},
  issn		= {00034916},
  journal	= {Ann. Phys. (N. Y).},
  month		= mar,
  number	= {2},
  pages		= {275--327},
  title		= {On the Restoration of Symmetry in Paired Fermion Systems},
  url		= {http://www.sciencedirect.com/science/article/pii/S0003491696955724
		  http://linkinghub.elsevier.com/retrieve/pii/S0003491696955724},
  volume	= {254},
  year		= {1997}
}

@Article{	  frobrich1998,
  author	= {Fr{\"{o}}brich, P. and Gontchar, I.I.},
  doi		= {10.1016/S0370-1573(97)00042-2},
  isbn		= {0370-1573},
  issn		= {03701573},
  journal	= {Phys. Rep.},
  keywords	= {Deep-inelastic collisions,Fusion,Heavy-ion induced
		  fission,Langevin equations},
  month		= jan,
  number	= {3-4},
  pages		= {131--237},
  title		= {Langevin description of fusion, deep-inelastic collisions
		  and heavy-ion-induced fission},
  url		= {http://linkinghub.elsevier.com/retrieve/pii/S0370157397000422},
  volume	= {292},
  year		= {1998}
}

@Article{	  garciaruiz2016,
  archiveprefix	= {arXiv},
  arxivid	= {1602.07906},
  author	= {{Garcia Ruiz}, R. F. and Bissell, M. L. and Blaum, K. and
		  Ekstr{\"{o}}m, A. and Fr{\"{o}}mmgen, N. and Hagen, G. and
		  Hammen, M. and Hebeler, K. and Holt, J. D. and Jansen, G.
		  R. and Kowalska, M. and Kreim, K. and Nazarewicz, W. and
		  Neugart, R. and Neyens, G. and N{\"{o}}rtersh{\"{a}}user,
		  W. and Papenbrock, T. and Papuga, J. and Schwenk, A. and
		  Simonis, J. and Wendt, K. A. and Yordanov, D. T.},
  doi		= {10.1038/nphys3645},
  issn		= {1745-2473},
  journal	= {Nat. Phys.},
  month		= jun,
  number	= {6},
  pages		= {594--598},
  title		= {Unexpectedly large charge radii of neutron-rich calcium
		  isotopes},
  url		= {http://www.nature.com/articles/nphys3645},
  volume	= {12},
  year		= {2016}
}

@PhDThesis{	  gebremariam2010,
  address	= {East Lansing},
  annote	= {Copyright - Database copyright ProQuest LLC; ProQuest does
		  not claim copyright in the individual underlying works.
		  
		  Last updated - 2016-03-09},
  author	= {Gebremariam, Biruk B},
  booktitle	= {ProQuest Diss. Theses},
  isbn		= {9781124146201},
  keywords	= {0610:Nuclear physics,Energy density,Nuclear
		  physics,Nuclei,Pure sciences,Review},
  language	= {English},
  mendeley-tags	= {Review},
  pages		= {313},
  publisher	= {Michigan State University},
  school	= {Michigan State University},
  title		= {Towards a microscopic energy density functional for
		  nuclei},
  url		= {http://ezproxy.msu.edu/login?url=http://search.proquest.com/docview/748246612?accountid=12598
		  http://za2uf4ps7f.search.serialssolutions.com/?ctx{\_}ver=Z39.88-2004{\&}ctx{\_}enc=info:ofi/enc:UTF-8{\&}rfr{\_}id=info:sid/Dissertations+{\%}26+Theses+{\%}40+CIC+Institutions{\&}rft{\_}v},
  year		= {2010}
}

@Article{	  gherghescu1999,
  author	= {Gherghescu, R.A. and Skalski, J. and Patyk, Z. and
		  Sobiczewski, A.},
  doi		= {10.1016/S0375-9474(99)00126-8},
  issn		= {03759474},
  journal	= {Nucl. Phys. A},
  keywords	= {25.85.Ca,Nuclear fission,Superheavy elements},
  month		= may,
  number	= {3},
  pages		= {237--249},
  title		= {Non-axial shapes in spontaneous fission of superheavy
		  nuclei},
  url		= {http://www.sciencedirect.com/science/article/pii/S0375947499001268
		  http://linkinghub.elsevier.com/retrieve/pii/S0375947499001268},
  volume	= {651},
  year		= {1999}
}

@Article{	  giuliani2013,
  author	= {Giuliani, Samuel A and Robledo, Luis M},
  doi		= {10.1103/PhysRevC.88.054325},
  issn		= {0556-2813},
  journal	= {Phys. Rev. C},
  month		= nov,
  number	= {5},
  pages		= {054325},
  publisher	= {American Physical Society},
  title		= {Fission properties of the Barcelona-Catania-Paris-Madrid
		  energy density functional},
  url		= {https://link.aps.org/doi/10.1103/PhysRevC.88.054325},
  volume	= {88},
  year		= {2013}
}

@Article{	  giuliani2014,
  author	= {Giuliani, Samuel A and Robledo, Luis M and
		  Rodr{\'{i}}guez-Guzm{\'{a}}n, R.},
  doi		= {10.1103/PhysRevC.90.054311},
  issn		= {0556-2813},
  journal	= {Phys. Rev. C},
  month		= nov,
  number	= {5},
  pages		= {054311},
  publisher	= {American Physical Society},
  title		= {Dynamic versus static fission paths with realistic
		  interactions},
  url		= {https://link.aps.org/doi/10.1103/PhysRevC.90.054311},
  volume	= {90},
  year		= {2014}
}

@Article{	  giuliani2018,
  author	= {Giuliani, Samuel},
  title		= {Fission and r -process nucleosynthesis in neutron star
		  mergers},
  year		= {2018}
}

@Article{	  giuliani2018a,
  archiveprefix	= {arXiv},
  arxivid	= {1704.00554},
  author	= {Giuliani, Samuel A. and Mart{\'{i}}nez-Pinedo, Gabriel and
		  Robledo, Luis M.},
  doi		= {10.1103/PhysRevC.97.034323},
  issn		= {2469-9985},
  journal	= {Phys. Rev. C},
  keywords	= {doi:10.1103/PhysRevC.97.034323 url:https://doi.org},
  month		= mar,
  number	= {3},
  pages		= {034323},
  publisher	= {American Physical Society},
  title		= {Fission properties of superheavy nuclei for r-process
		  calculations},
  url		= {https://doi.org/10.1103/PhysRevC.97.034323
		  https://link.aps.org/doi/10.1103/PhysRevC.97.034323
		  http://arxiv.org/abs/1704.00554
		  http://dx.doi.org/10.1103/PhysRevC.97.034323},
  volume	= {97},
  year		= {2018}
}

@Article{	  giuliani2018b,
  author	= {Giuliani, Samuel A and Robledo, Luis M},
  doi		= {10.1016/j.physletb.2018.10.045},
  issn		= {03702693},
  journal	= {Phys. Lett. B},
  month		= dec,
  pages		= {134--140},
  publisher	= {Elsevier B.V.},
  title		= {Non-perturbative collective inertias for fission: A
		  comparative study},
  url		= {https://linkinghub.elsevier.com/retrieve/pii/S0370269318308165},
  volume	= {787},
  year		= {2018}
}

@Article{	  giuliani2019,
  author	= {Giuliani, S. A. and Matheson, Z and Nazarewicz, W and
		  Olsen, E and Reinhard, P.-G and Sadhukhan, J and
		  Schuetrumpf, B and Schunck, N and Schwerdtfeger, P},
  doi		= {10.1103/RevModPhys.91.011001},
  issn		= {0034-6861},
  journal	= {Rev. Mod. Phys.},
  keywords	= {doi:10.1103/RevModPhys.91.011001 url:https://doi.o},
  month		= jan,
  number	= {1},
  pages		= {011001},
  title		= {Colloquium : Superheavy elements: Oganesson and beyond},
  url		= {https://link.aps.org/doi/10.1103/RevModPhys.91.011001},
  volume	= {91},
  year		= {2019}
}

@Article{	  giuliani2019a,
  archiveprefix	= {arXiv},
  arxivid	= {1904.03733},
  author	= {Giuliani, Samuel A. and Mart{\'{i}}nez-Pinedo, Gabriel and
		  Wu, Meng-Ru and Robledo, Luis M.},
  pages		= {1--10},
  title		= {Fission and the r-process nucleosynthesis of translead
		  nuclei},
  url		= {http://arxiv.org/abs/1904.03733},
  year		= {2019}
}

@Article{	  goddard2015,
  author	= {Goddard, Philip and Stevenson, Paul and Rios, Arnau},
  doi		= {10.1103/PhysRevC.92.054610},
  issn		= {0556-2813},
  journal	= {Phys. Rev. C},
  month		= nov,
  number	= {5},
  pages		= {054610},
  title		= {Fission dynamics within time-dependent Hartree-Fock:
		  Deformation-induced fission},
  url		= {https://link.aps.org/doi/10.1103/PhysRevC.92.054610},
  volume	= {92},
  year		= {2015}
}

@Article{	  goodman1981,
  author	= {Goodman, Alan L.},
  doi		= {10.1016/0375-9474(81)90557-1},
  issn		= {03759474},
  journal	= {Nucl. Phys. A},
  month		= jan,
  number	= {1},
  pages		= {30--44},
  title		= {Finite-temperature HFB theory},
  url		= {http://linkinghub.elsevier.com/retrieve/pii/0375947481905571},
  volume	= {352},
  year		= {1981}
}

@Article{	  goriely2013,
  author	= {Goriely, S and Sida, J.-L. and Lema{\^{i}}tre, J.-F. and
		  Panebianco, S and Dubray, N and Hilaire, S and Bauswein, A
		  and Janka, H.-T.},
  doi		= {10.1103/PhysRevLett.111.242502},
  issn		= {0031-9007},
  journal	= {Phys. Rev. Lett.},
  month		= dec,
  number	= {24},
  pages		= {242502},
  publisher	= {American Physical Society},
  title		= {New Fission Fragment Distributions and r-Process Origin of
		  the Rare-Earth Elements},
  url		= {https://link.aps.org/doi/10.1103/PhysRevLett.111.242502},
  volume	= {111},
  year		= {2013}
}

@Article{	  goriely2015,
  author	= {Goriely, S. and {Mart{\'{i}}nez Pinedo}, G.},
  doi		= {10.1016/j.nuclphysa.2015.07.020},
  issn		= {03759474},
  journal	= {Nucl. Phys. A},
  keywords	= {Fission,Nucleosynthesis,R-process,Super-heavy nuclei},
  month		= dec,
  pages		= {158--176},
  publisher	= {Elsevier B.V.},
  title		= {The production of transuranium elements by the r-process
		  nucleosynthesis},
  url		= {http://dx.doi.org/10.1016/j.nuclphysa.2015.07.020
		  https://linkinghub.elsevier.com/retrieve/pii/S0375947415001827},
  volume	= {944},
  year		= {2015}
}

@Article{	  goriely2015a,
  author	= {Goriely, S.},
  doi		= {10.1140/epja/i2015-15022-3},
  issn		= {1434-6001},
  journal	= {Eur. Phys. J. A},
  month		= feb,
  number	= {2},
  pages		= {22},
  title		= {The fundamental role of fission during r-process
		  nucleosynthesis in neutron star mergers},
  url		= {http://link.springer.com/10.1140/epja/i2015-15022-3},
  volume	= {51},
  year		= {2015}
}

@Article{	  grant1976,
  author	= {Grant, I. S.},
  doi		= {10.1088/0034-4885/39/10/002},
  issn		= {0034-4885},
  journal	= {Rep. Prog. Phys.},
  month		= oct,
  number	= {10},
  pages		= {955--1015},
  publisher	= {{\{}IOP{\}} Publishing},
  title		= {The fission process},
  url		= {https://doi.org/10.1088{\%}2F0034-4885{\%}2F39{\%}2F10{\%}2F002
		  http://stacks.iop.org/0034-4885/39/i=10/a=002?key=crossref.03a41225d7211bf6890735779865a649},
  volume	= {39},
  year		= {1976}
}

@Article{	  grineviciute2018,
  author	= {Grineviciute, J and Magierski, P and Bulgac, A and Jin, S
		  and Stetcu, I},
  doi		= {10.5506/APhysPolB.49.591},
  issn		= {0587-4254},
  journal	= {Acta Phys. Pol. B},
  number	= {3},
  pages		= {591},
  title		= {Accuracy of Fission Dynamics Within the Time-dependent
		  Superfluid Local Density Approximation},
  url		= {http://www.actaphys.uj.edu.pl/findarticle?series=Reg{\&}vol=49{\&}page=591},
  volume	= {49},
  year		= {2018}
}

@Article{	  hahn1939,
  author	= {Hahn, O and Strassmann, F},
  doi		= {10.1007/BF01488241},
  issn		= {0028-1042},
  journal	= {Naturwissenschaften},
  month		= jan,
  number	= {1},
  pages		= {11--15},
  title		= {Uber den Nachweis und das Verhalten der bei der
		  Bestrahlung des Urans mittels Neutronen entstehenden
		  Erdalkalimetalle},
  url		= {https://doi.org/10.1007/BF01488241
		  http://link.springer.com/10.1007/BF01488241},
  volume	= {27},
  year		= {1939}
}

@Article{	  haverinen2017,
  archiveprefix	= {arXiv},
  arxivid	= {1611.00597},
  author	= {Haverinen, T. and Kortelainen, M.},
  doi		= {10.1088/1361-6471/aa5e07},
  issn		= {0954-3899},
  journal	= {J. Phys. G Nucl. Part. Phys.},
  keywords	= {Skyrme energy density functional,error
		  propagation,uncertainty quantification},
  month		= apr,
  number	= {4},
  pages		= {044008},
  publisher	= {IOP Publishing},
  title		= {Uncertainty propagation within the UNEDF models},
  url		= {http://stacks.iop.org/0954-3899/44/i=4/a=044008?key=crossref.ee2f3598c2fa0a782dd2ce346b72cad0},
  volume	= {44},
  year		= {2017}
}

@Article{	  heenen2015,
  author	= {Heenen, P.-H. and Skalski, J. and Staszczak, A. and
		  Vretenar, D.},
  doi		= {10.1016/j.nuclphysa.2015.07.016},
  issn		= {03759474},
  journal	= {Nucl. Phys. A},
  keywords	= {{\$}\alpha{\$}-decay,{\$}\beta{\$}-decay,Ground-state
		  shapes,Superheavy nuclei,$\alpha$-decay,$\beta$-decay},
  month		= dec,
  pages		= {415--441},
  publisher	= {Elsevier B.V.},
  title		= {Shapes and $\alpha$ - and $\beta$ -decays of superheavy
		  nuclei},
  url		= {http://dx.doi.org/10.1016/j.nuclphysa.2015.07.016
		  https://linkinghub.elsevier.com/retrieve/pii/S0375947415001748},
  volume	= {944},
  year		= {2015}
}

@Article{	  heßberger2017,
  author	= {He{\ss}berger, F. P.},
  doi		= {10.1140/epja/i2017-12260-3},
  issn		= {1434-6001},
  journal	= {Eur. Phys. J. A},
  month		= apr,
  number	= {4},
  pages		= {75},
  title		= {Spontaneous fission properties of superheavy elements},
  url		= {http://link.springer.com/10.1140/epja/i2017-12260-3},
  volume	= {53},
  year		= {2017}
}

@Article{	  hill1953,
  author	= {Hill, David Lawrence and Wheeler, John Archibald},
  doi		= {10.1103/PhysRev.89.1102},
  issn		= {0031-899X},
  journal	= {Phys. Rev.},
  month		= mar,
  number	= {5},
  pages		= {1102--1145},
  title		= {Nuclear Constitution and the Interpretation of Fission
		  Phenomena},
  url		= {https://link.aps.org/doi/10.1103/PhysRev.89.1102},
  volume	= {89},
  year		= {1953}
}

@Article{	  hoffman2016,
  author	= {Hofmann, S and Heinz, S. and Mann, R. and Maurer, J. and
		  M{\"{u}}nzenberg, G. and Antalic, S. and Barth, W. and
		  Burkhard, H. G. and Dahl, L. and Eberhardt, K. and
		  Grzywacz, R. and Hamilton, J. H. and Henderson, R. A. and
		  Kenneally, J. M. and Kindler, B. and Kojouharov, I. and
		  Lang, R. and Lommel, B. and Miernik, K. and Miller, D. and
		  Moody, K. J. and Morita, K. and Nishio, K. and Popeko, A.
		  G. and Roberto, J. B. and Runke, J. and Rykaczewski, K. P.
		  and Saro, S. and Scheidenberger, C. and Sch{\"{o}}tt, H. J.
		  and Shaughnessy, D. A. and Stoyer, M. A. and
		  Th{\"{o}}rle-Pospiech, P. and Tinschert, K. and Trautmann,
		  N. and Uusitalo, J. and Yeremin, A. V.},
  doi		= {10.1140/epja/i2016-16180-4},
  issn		= {1434-6001},
  journal	= {Eur. Phys. J. A},
  month		= jun,
  number	= {6},
  pages		= {180},
  title		= {Review of even element super-heavy nuclei and search for
		  element 120},
  url		= {10.1140/epja/i2016-16180-4
		  http://link.springer.com/10.1140/epja/i2016-16180-4},
  volume	= {52},
  year		= {2016}
}

@Article{	  hofmann2016,
  author	= {Hofmann, S. and Heinz, S. and Mann, R. and Maurer, J. and
		  M{\"{u}}nzenberg, G. and Antalic, S. and Barth, W. and
		  Dahl, L. and Eberhardt, K. and Grzywacz, R. and Hamilton,
		  J. H. and Henderson, R. A. and Kenneally, J. M. and
		  Kindler, B. and Kojouharov, I. and Lang, R. and Lommel, B.
		  and Miernik, K. and Miller, D. and Moody, K. J. and Morita,
		  K. and Nishio, K. and Popeko, A. G. and Roberto, J. B. and
		  Runke, J. and Rykaczewski, K. P. and Scheidenberger, C. and
		  Shaughnessy, D. A. and Stoyer, M. A. and
		  Th{\"{o}}rle-Pospiech, P. and Tinschert, K. and Trautmann,
		  N. and Uusitalo, J. and Yeremin, A. V.},
  doi		= {10.1140/epja/i2016-16116-0},
  issn		= {1434-6001},
  journal	= {Eur. Phys. J. A},
  month		= apr,
  number	= {4},
  pages		= {116},
  title		= {Remarks on the fission barriers of super-heavy nuclei},
  url		= {http://link.springer.com/10.1140/epja/i2016-16116-0},
  volume	= {52},
  year		= {2016}
}

@Article{	  hohenberg1964,
  author	= {Hohenberg, P. and Kohn, W.},
  doi		= {10.1103/PhysRev.136.B864},
  issn		= {0031-899X},
  journal	= {Phys. Rev.},
  month		= nov,
  number	= {3B},
  pages		= {B864--B871},
  title		= {Inhomogeneous Electron Gas},
  url		= {https://link.aps.org/doi/10.1103/PhysRev.136.B864},
  volume	= {136},
  year		= {1964}
}

@Article{	  horowitz2018,
  archiveprefix	= {arXiv},
  arxivid	= {1805.04637},
  author	= {Horowitz, C. J. and Arcones, A. and C{\^{o}}t{\'{e}}, B.
		  and Dillmann, I. and Nazarewicz, W. and Roederer, I. U. and
		  Schatz, H. and Aprahamian, A. and Atanasov, D. and
		  Bauswein, A. and Bliss, J. and Brodeur, M. and Clark, J. A.
		  and Frebel, A. and Foucart, F. and Hansen, C. J. and Just,
		  O. and Kankainen, A. and McLaughlin, G. C. and Kelly, J. M.
		  and Liddick, S. N. and Lee, D. M. and Lippuner, J. and
		  Martin, D. and Mendoza-Temis, J. and Metzger, B. D. and
		  Mumpower, M. R. and Perdikakis, G. and Pereira, J. and
		  O'Shea, B. W. and Reifarth, R. and Rogers, A. M. and
		  Siegel, D. M. and Spyrou, A. and Surman, R. and Tang, X.
		  and Uesaka, T. and Wang, M.},
  month		= may,
  title		= {r-Process Nucleosynthesis: Connecting Rare-Isotope Beam
		  Facilities with the Cosmos},
  url		= {http://arxiv.org/abs/1805.04637},
  year		= {2018}
}

@Article{	  hotokezaka2018,
  author	= {Hotokezaka, Kenta and Beniamini, Paz and Piran, Tsvi},
  doi		= {10.1142/S0218271818420051},
  issn		= {0218-2718},
  journal	= {Int. J. Mod. Phys. D},
  month		= oct,
  number	= {13},
  pages		= {1842005},
  title		= {Neutron star mergers as sites of r-process nucleosynthesis
		  and short gamma-ray bursts},
  url		= {https://doi.org/10.1142/S0218271818420051
		  https://www.worldscientific.com/doi/abs/10.1142/S0218271818420051},
  volume	= {27},
  year		= {2018}
}

@Article{	  hupin2010,
  author	= {Hupin, Guillaume and Lacroix, Denis},
  doi		= {10.1103/PhysRevC.81.014609},
  issn		= {0556-2813},
  journal	= {Phys. Rev. C},
  month		= jan,
  number	= {1},
  pages		= {014609},
  publisher	= {American Physical Society},
  title		= {Quantum Monte Carlo method applied to non-Markovian
		  barrier transmission},
  url		= {https://link.aps.org/doi/10.1103/PhysRevC.81.014609},
  volume	= {81},
  year		= {2010}
}

@Article{	  ichikawa2012,
  author	= {Ichikawa, Takatoshi and Iwamoto, Akira and M{\"{o}}ller,
		  Peter and Sierk, Arnold J},
  doi		= {10.1103/PhysRevC.86.024610},
  journal	= {Phys. Rev. C},
  month		= aug,
  number	= {2},
  pages		= {24610},
  publisher	= {American Physical Society},
  title		= {Contrasting fission potential-energy structure of
		  actinides and mercury isotopes},
  url		= {https://link.aps.org/doi/10.1103/PhysRevC.86.024610},
  volume	= {86},
  year		= {2012}
}

@Article{	  ichikawa2019,
  author	= {Ichikawa, T. and M{\"{o}}ller, P.},
  doi		= {10.1016/j.physletb.2018.12.034},
  issn		= {03702693},
  journal	= {Phys. Lett. B},
  month		= feb,
  pages		= {679--684},
  publisher	= {Elsevier B.V.},
  title		= {The microscopic mechanism behind the fission-barrier
		  asymmetry (II): The rare-earth region 50 {\textless} Z
		  {\textless} 82 and 82 {\textless} N {\textless} 126},
  url		= {https://www.sciencedirect.com/science/article/pii/S0370269318309614?dgcid=rss{\_}sd{\_}all
		  https://linkinghub.elsevier.com/retrieve/pii/S0370269318309614},
  volume	= {789},
  year		= {2019}
}

@Article{	  ishizuka2017,
  author	= {Ishizuka, Chikako and Usang, Mark D and Ivanyuk, Fedir A
		  and Maruhn, Joachim A and Nishio, Katsuhisa and Chiba,
		  Satoshi},
  doi		= {10.1103/PhysRevC.96.064616},
  issn		= {2469-9985},
  journal	= {Phys. Rev. C},
  month		= dec,
  number	= {6},
  pages		= {064616},
  title		= {Four-dimensional Langevin approach to low-energy nuclear
		  fission of U236},
  url		= {https://link.aps.org/doi/10.1103/PhysRevC.96.064616},
  volume	= {96},
  year		= {2017}
}

@Article{	  itkis2015,
  author	= {Itkis, M.G. and Vardaci, E. and Itkis, I.M. and Knyazheva,
		  G.N. and Kozulin, E.M.},
  doi		= {10.1016/j.nuclphysa.2015.09.007},
  issn		= {03759474},
  journal	= {Nucl. Phys. A},
  keywords	= {Fission,Fusion,Fusion probability,Mechanisms of
		  heavy-ion-induced reaction,Quasifission,Superheavy
		  elements},
  month		= dec,
  pages		= {204--237},
  publisher	= {Elsevier B.V.},
  title		= {Fusion and fission of heavy and superheavy nuclei
		  (experiment)},
  url		= {http://dx.doi.org/10.1016/j.nuclphysa.2015.09.007
		  https://linkinghub.elsevier.com/retrieve/pii/S0375947415002067},
  volume	= {944},
  year		= {2015}
}

@Article{	  itkis2017,
  author	= {Itkis, M G and Itkis, I. M. and Knyazheva, G. N. and
		  Kozulin, E. M.},
  doi		= {10.1088/1742-6596/863/1/012043},
  issn		= {1742-6588},
  journal	= {J. Phys. Conf. Ser.},
  month		= jun,
  number	= {1},
  pages		= {012043},
  title		= {Fusion-fission of superheavy nuclei and clustering
		  phenomena},
  url		= {http://stacks.iop.org/1742-6596/863/i=1/a=012043?key=crossref.a5b61cb12d3870b4308ae6df0d72f584},
  volume	= {863},
  year		= {2017}
}

@Article{	  jachimowicz2013,
  author	= {Jachimowicz, P and Kowal, M and Skalski, J},
  doi		= {10.1103/PhysRevC.87.044308},
  issn		= {0556-2813},
  journal	= {Phys. Rev. C},
  month		= apr,
  number	= {4},
  pages		= {044308},
  publisher	= {American Physical Society},
  title		= {Eight-dimensional calculations of the third barrier in
		  232Th},
  url		= {https://link.aps.org/doi/10.1103/PhysRevC.87.044308},
  volume	= {87},
  year		= {2013}
}

@Article{	  jachimowicz2017,
  author	= {Jachimowicz, P and Kowal, M and Skalski, J},
  doi		= {10.1103/PhysRevC.95.014303},
  journal	= {Phys. Rev. C},
  month		= jan,
  number	= {1},
  pages		= {14303},
  publisher	= {American Physical Society},
  title		= {Adiabatic fission barriers in superheavy nuclei},
  url		= {https://link.aps.org/doi/10.1103/PhysRevC.95.014303},
  volume	= {95},
  year		= {2017}
}

@Article{	  jacquet2009,
  author	= {Jacquet, D and Morjean, M},
  doi		= {10.1016/j.ppnp.2008.10.001},
  issn		= {01466410},
  journal	= {Prog. Part. Nucl. Phys.},
  keywords	= {Fission,Fission time,Friction,Nuclear
		  dissipation,Super-heavy nuclei},
  month		= jul,
  number	= {1},
  pages		= {155--185},
  title		= {Fission times of excited nuclei: An experimental
		  overview},
  url		= {http://www.sciencedirect.com/science/article/pii/S0146641008000756
		  https://linkinghub.elsevier.com/retrieve/pii/S0146641008000756},
  volume	= {63},
  year		= {2009}
}

@Article{	  jerabek2018,
  author	= {Jerabek, Paul and Schuetrumpf, Bastian and Schwerdtfeger,
		  Peter and Nazarewicz, Witold},
  doi		= {10.1103/PhysRevLett.120.053001},
  issn		= {0031-9007},
  journal	= {Phys. Rev. Lett.},
  keywords	= {doi:10.1103/PhysRevLett.120.053001 url:https://doi},
  month		= jan,
  number	= {5},
  pages		= {053001},
  publisher	= {American Physical Society},
  title		= {Electron and Nucleon Localization Functions of Oganesson:
		  Approaching the Thomas-Fermi Limit},
  url		= {https://doi.org/10.1103/PhysRevLett.120.053001
		  https://link.aps.org/doi/10.1103/PhysRevLett.120.053001},
  volume	= {120},
  year		= {2018}
}

@InCollection{	  karpova,
  address	= {Heidelberg},
  author	= {Karpov, A V and Zagrebaev, V I and Palenzuela, Y Martinez
		  and Greiner, Walter},
  booktitle	= {Excit. Interdiscip. Phys.},
  doi		= {10.1007/978-3-319-00047-3_6},
  pages		= {69--79},
  publisher	= {Springer International Publishing},
  title		= {Superheavy Nuclei: Decay and Stability},
  url		= {http://link.springer.com/10.1007/978-3-319-00047-3{\_}6},
  year		= {2013}
}

@Article{	  kasen2017,
  author	= {Kasen, Daniel and Metzger, Brian and Barnes, Jennifer and
		  Quataert, Eliot and Ramirez-Ruiz, Enrico},
  doi		= {10.1038/nature24453},
  issn		= {0028-0836},
  journal	= {Nature},
  month		= oct,
  pages		= {80},
  publisher	= {Macmillan Publishers Limited, part of Springer Nature. All
		  rights reserved.},
  title		= {Origin of the heavy elements in binary neutron-star
		  mergers from a gravitational-wave event},
  url		= {https://doi.org/10.1038/nature24453
		  http://10.0.4.14/nature24453
		  http://www.nature.com/doifinder/10.1038/nature24453},
  volume	= {551},
  year		= {2017}
}

@Article{	  kejzlar2019,
  archiveprefix	= {arXiv},
  arxivid	= {1904.04793},
  author	= {Kejzlar, Vojtech and Neufcourt, L{\'{e}}o and Maiti, Taps
		  and Viens, Frederi},
  keywords	= {bayesian model calibration,computer models,gaussian
		  process,model mixing,model uncertainty,nuclear
		  masses,uncertainty quantification},
  pages		= {1--26},
  title		= {Bayesian averaging of computer models with domain
		  discrepancies: a nuclear physics perspective},
  url		= {http://arxiv.org/abs/1904.04793},
  year		= {2019}
}

@Article{	  koch2008,
  author	= {Koch, Werner and Gro{\ss}mann, Frank and Stockburger,
		  J{\"{u}}rgen T and Ankerhold, Joachim},
  doi		= {10.1103/PhysRevLett.100.230402},
  issn		= {0031-9007},
  journal	= {Phys. Rev. Lett.},
  month		= jun,
  number	= {23},
  pages		= {230402},
  publisher	= {American Physical Society},
  title		= {Non-Markovian Dissipative Semiclassical Dynamics},
  url		= {https://link.aps.org/doi/10.1103/PhysRevLett.100.230402},
  volume	= {100},
  year		= {2008}
}

@Article{	  kohn1965,
  author	= {Kohn, W. and Sham, L. J.},
  doi		= {10.1103/PhysRev.140.A1133},
  issn		= {0031-899X},
  journal	= {Phys. Rev.},
  month		= nov,
  number	= {4A},
  pages		= {A1133--A1138},
  pmid		= {12492980},
  title		= {Self-Consistent Equations Including Exchange and
		  Correlation Effects},
  url		= {https://link.aps.org/doi/10.1103/PhysRev.140.A1133},
  volume	= {140},
  year		= {1965}
}

@Article{	  korschinek2015,
  author	= {Korschinek, Gunther and Kutschera, Walter},
  doi		= {10.1016/j.nuclphysa.2015.06.003},
  issn		= {03759474},
  journal	= {Nucl. Phys. A},
  keywords	= {Accelerator mass spectrometry,Natural abundance
		  limits,Superheavy elements},
  month		= dec,
  pages		= {190--203},
  publisher	= {Elsevier B.V.},
  title		= {Mass spectrometric searches for superheavy elements in
		  terrestrial matter},
  url		= {http://dx.doi.org/10.1016/j.nuclphysa.2015.06.003
		  https://linkinghub.elsevier.com/retrieve/pii/S0375947415001323},
  volume	= {944},
  year		= {2015}
}

@Article{	  kortelainen2010,
  archiveprefix	= {arXiv},
  arxivid	= {arXiv:1005.5145v1},
  author	= {Kortelainen, M. and Lesinski, T. and Mor{\'{e}}, J. and
		  Nazarewicz, W. and Sarich, J. and Schunck, Nicolas and
		  Stoitsov, M. V. and Wild, S.},
  doi		= {10.1103/PhysRevC.82.024313},
  isbn		= {0556-2813},
  issn		= {0556-2813},
  journal	= {Phys. Rev. C},
  month		= aug,
  number	= {2},
  pages		= {024313},
  title		= {Nuclear energy density optimization},
  url		= {https://link.aps.org/doi/10.1103/PhysRevC.82.024313},
  volume	= {82},
  year		= {2010}
}

@Article{	  kortelainen2012,
  archiveprefix	= {arXiv},
  arxivid	= {arXiv:1111.4344v2},
  author	= {Kortelainen, M. and McDonnell, J. and Nazarewicz, W. and
		  Reinhard, P.-G. and Sarich, J. and Schunck, N. and
		  Stoitsov, M. V and Wild, S. M},
  doi		= {10.1103/PhysRevC.85.024304},
  isbn		= {0556-2813},
  issn		= {0556-2813},
  journal	= {Phys. Rev. C},
  month		= feb,
  number	= {2},
  pages		= {024304},
  title		= {Nuclear energy density optimization: Large deformations},
  url		= {https://link.aps.org/doi/10.1103/PhysRevC.85.024304},
  volume	= {85},
  year		= {2012}
}

@Article{	  kortelainen2014,
  archiveprefix	= {arXiv},
  arxivid	= {1312.1746},
  author	= {Kortelainen, M. and McDonnell, J. and Nazarewicz, W. and
		  Olsen, E. and Reinhard, P.-G. and Sarich, J. and Schunck,
		  N. and Wild, S. M. and Davesne, D. and Erler, J. and
		  Pastore, A.},
  doi		= {10.1103/PhysRevC.89.054314},
  issn		= {0556-2813},
  journal	= {Phys. Rev. C},
  month		= may,
  number	= {5},
  pages		= {054314},
  title		= {Nuclear energy density optimization: Shell structure},
  url		= {http://arxiv.org/abs/1312.1746{\%}5Cnhttp://dx.doi.org/10.1103/PhysRevC.89.054314
		  https://link.aps.org/doi/10.1103/PhysRevC.89.054314},
  volume	= {89},
  year		= {2014}
}

@Article{	  kowal2016,
  archiveprefix	= {arXiv},
  arxivid	= {1607.08462},
  author	= {Kowal, Micha{\l} and Cap, Tomasz and Jachimowicz, Piotr
		  and Skalski, Janusz and Siwek-Wilczy{\'{n}}ska, Krystyna
		  and Wilczy{\'{n}}ski, Janusz},
  doi		= {10.1051/epjconf/201613104005},
  editor	= {Rudolph, D.},
  isbn		= {9782759890118},
  issn		= {2100-014X},
  journal	= {EPJ Web Conf.},
  month		= dec,
  pages		= {04005},
  title		= {Fusion-fission probabilities, cross sections, and
		  structure notes of superheavy nuclei},
  url		= {http://arxiv.org/abs/1607.08462{\%}0Ahttp://dx.doi.org/10.1051/epjconf/201613104005
		  http://www.epj-conferences.org/10.1051/epjconf/201613104005},
  volume	= {131},
  year		= {2016}
}

@Book{		  krappe2012,
  address	= {Berlin, Heidelberg},
  author	= {Krappe, Hans J and Pomorski, Krzysztof},
  booktitle	= {Lect. Notes Phys. 838},
  doi		= {10.1007/978-3-642-23515-3},
  isbn		= {978-3-642-23514-6},
  publisher	= {Springer Berlin Heidelberg},
  series	= {Lecture Notes in Physics},
  title		= {Theory of Nuclear Fission},
  url		= {http://link.springer.com/10.1007/978-3-642-23515-3},
  volume	= {838},
  year		= {2012}
}

@Article{	  kratz2015,
  author	= {Kratz, J.V. and Loveland, W. and Moody, K.J.},
  doi		= {10.1016/j.nuclphysa.2015.06.004},
  issn		= {03759474},
  journal	= {Nucl. Phys. A},
  keywords	= {Energy dissipation,Experimental challenges,Multi-nucleon
		  transfer reactions with the heaviest,Quasi-elastic and
		  complex transfer reactions,Survival probabilities against
		  fission,Theoretical predictions},
  month		= dec,
  pages		= {117--157},
  publisher	= {Elsevier B.V.},
  title		= {Syntheses of transuranium isotopes with atomic numbers Z
		  ≤ 103 in multi-nucleon transfer reactions},
  url		= {http://dx.doi.org/10.1016/j.nuclphysa.2015.06.004
		  https://linkinghub.elsevier.com/retrieve/pii/S0375947415001335},
  volume	= {944},
  year		= {2015}
}

@Article{	  kubo1966,
  author	= {Kubo, R},
  doi		= {10.1088/0034-4885/29/1/306},
  issn		= {00344885},
  journal	= {Rep. Prog. Phys.},
  month		= jan,
  number	= {1},
  pages		= {306},
  title		= {The fluctuation-dissipation theorem},
  url		= {http://stacks.iop.org/0034-4885/29/i=1/a=306?key=crossref.d8453ffc416cd2064d6ccd38e7c06a41},
  volume	= {29},
  year		= {1966}
}

@Article{	  lacroix2008,
  author	= {Lacroix, Denis},
  doi		= {10.1103/PhysRevE.77.041126},
  issn		= {1539-3755},
  journal	= {Phys. Rev. E},
  month		= apr,
  number	= {4},
  pages		= {041126},
  publisher	= {American Physical Society},
  title		= {Stochastic simulation of dissipation and non-Markovian
		  effects in open quantum systems},
  url		= {https://link.aps.org/doi/10.1103/PhysRevE.77.041126},
  volume	= {77},
  year		= {2008}
}

@Article{	  laflorencie2016,
  archiveprefix	= {arXiv},
  arxivid	= {1512.03388},
  author	= {Laflorencie, Nicolas},
  doi		= {10.1016/j.physrep.2016.06.008},
  isbn		= {0305-4470, 1361-6447},
  issn		= {03701573},
  journal	= {Phys. Rep.},
  month		= aug,
  pages		= {1--59},
  pmid		= {8126},
  title		= {Quantum entanglement in condensed matter systems},
  url		= {https://linkinghub.elsevier.com/retrieve/pii/S0370157316301582},
  volume	= {646},
  year		= {2016}
}

@Article{	  laidler1962,
  author	= {Laidler, J.B. and Brown, F.},
  doi		= {10.1016/0022-1902(62)80001-3},
  issn		= {00221902},
  journal	= {J. Inorg. Nucl. Chem.},
  month		= dec,
  number	= {12},
  pages		= {1485--1492},
  title		= {Mass distribution in the spontaneous fission of 240Pu},
  url		= {https://linkinghub.elsevier.com/retrieve/pii/0022190262800013},
  volume	= {24},
  year		= {1962}
}

@Article{	  ledergerber1973,
  author	= {Ledergerber, Tobias and Pauli, Hans-Christian},
  doi		= {10.1016/0375-9474(73)90022-5},
  issn		= {03759474},
  journal	= {Nucl. Phys. A},
  month		= jun,
  number	= {1},
  pages		= {1--32},
  title		= {On the dynamics of fission: The role of reflection
		  asymmetry in the nuclear shape},
  url		= {http://linkinghub.elsevier.com/retrieve/pii/0375947473900225},
  volume	= {207},
  year		= {1973}
}

@Article{	  lemaitre2018,
  author	= {Lema{\^{i}}tre, J.-F. and Goriely, St{\'{e}}phane and
		  Hilaire, St{\'{e}}phane and Dubray, N},
  doi		= {10.1103/PhysRevC.98.024623},
  issn		= {2469-9985},
  journal	= {Phys. Rev. C},
  month		= aug,
  number	= {2},
  pages		= {024623},
  title		= {Microscopic description of the fission path with the Gogny
		  interaction},
  url		= {https://link.aps.org/doi/10.1103/PhysRevC.98.024623},
  volume	= {98},
  year		= {2018}
}

@Article{	  liberati2013,
  author	= {Liberati, V and others},
  doi		= {10.1103/PhysRevC.88.044322},
  issn		= {0556-2813},
  journal	= {Phys. Rev. C},
  month		= oct,
  number	= {4},
  pages		= {044322},
  publisher	= {American Physical Society},
  title		= {$\beta$-delayed fission and $\alpha$ decay of 178Tl},
  url		= {https://link.aps.org/doi/10.1103/PhysRevC.88.044322},
  volume	= {88},
  year		= {2013}
}

@Article{	  lipkin1960,
  author	= {Lipkin, Harry J},
  doi		= {10.1016/0003-4916(60)90032-4},
  issn		= {00034916},
  journal	= {Ann. Phys. (N. Y).},
  month		= feb,
  number	= {2},
  pages		= {272--291},
  title		= {Collective motion in many-particle systems},
  url		= {http://www.sciencedirect.com/science/article/pii/0003491660900324
		  https://linkinghub.elsevier.com/retrieve/pii/0003491660900324},
  volume	= {9},
  year		= {1960}
}

@Article{	  machleidt2011,
  author	= {Machleidt, R and Entem, D.R.},
  doi		= {10.1016/j.physrep.2011.02.001},
  issn		= {03701573},
  journal	= {Phys. Rep.},
  keywords	= {Chiral perturbation theory,Effective field
		  theory,Low-energy QCD,Nuclear forces,Nucleon–nucleon
		  scattering},
  month		= jun,
  number	= {1},
  pages		= {1--75},
  title		= {Chiral effective field theory and nuclear forces},
  url		= {http://www.sciencedirect.com/science/article/pii/S0370157311000457
		  https://linkinghub.elsevier.com/retrieve/pii/S0370157311000457},
  volume	= {503},
  year		= {2011}
}

@Article{	  machleidt2016,
  author	= {Machleidt, R and Sammarruca, F},
  doi		= {10.1088/0031-8949/91/8/083007},
  issn		= {0031-8949},
  journal	= {Phys. Scr.},
  month		= aug,
  number	= {8},
  pages		= {083007},
  publisher	= {{\{}IOP{\}} Publishing},
  title		= {Chiral EFT based nuclear forces: achievements and
		  challenges},
  url		= {https://doi.org/10.1088{\%}2F0031-8949{\%}2F91{\%}2F8{\%}2F083007
		  http://stacks.iop.org/1402-4896/91/i=8/a=083007?key=crossref.e36dd946eb433725652c3987c1eeecd0},
  volume	= {91},
  year		= {2016}
}

@Article{	  martin2009,
  author	= {Martin, V. and Robledo, L. M.},
  doi		= {10.1142/S0218301309012963},
  issn		= {0218-3013},
  journal	= {Int. J. Mod. Phys. E},
  month		= apr,
  number	= {04},
  pages		= {861--868},
  title		= {Fission barriers at finite temperature: A theoretical
		  description with the Gogny force},
  url		= {http://www.worldscientific.com/doi/abs/10.1142/S0218301309012963},
  volume	= {18},
  year		= {2009}
}

@Article{	  martin2015,
  author	= {Martin, Julie-Fiona and Taieb, Julien and Chatillon,
		  Audrey and B{\'{e}}lier, Gilbert and Boutoux, Guillaume and
		  Ebran, Adeline and Gorbinet, Thomas and Grente, Lucie and
		  Laurent, Benoit and Pellereau, Eric and Alvarez-Pol,
		  H{\'{e}}ctor and Audouin, Laurent and Aumann, Thomas and
		  Ayyad, Yassid and Benlliure, Jose and Casarejos, Enrique
		  and {Cortina Gil}, Dolores and Caama{\~{n}}o, Manuel and
		  Farget, Fanny and {Fern{\'{a}}ndez Dom{\'{i}}nguez},
		  Beatriz and Heinz, Andreas and Jurado, Beatriz and
		  Keli{\'{c}}-Heil, Aleksandra and Kurz, Nikolaus and
		  Nociforo, Chiara and Paradela, Carlos and Pietri,
		  St{\'{e}}phane and Ramos, Diego and
		  Rodr{\'{i}}guez-S{\`{a}}nchez, Jose-Luis and
		  Rodr{\'{i}}guez-Tajes, Carme and Rossi, Dominic and
		  Schmidt, Karl-Heinz and Simon, Haik and Tassan-Got, Laurent
		  and Vargas, Jossitt and Voss, Bernd and Weick, Helmut},
  doi		= {10.1140/epja/i2015-15174-0},
  issn		= {1434-6001},
  journal	= {Eur. Phys. J. A},
  month		= dec,
  number	= {12},
  pages		= {174},
  title		= {Studies on fission with ALADIN},
  url		= {https://doi.org/10.1140/epja/i2015-15174-0
		  http://link.springer.com/10.1140/epja/i2015-15174-0},
  volume	= {51},
  year		= {2015}
}

@Article{	  maslyuk2015,
  author	= {Maslyuk, V. T. and Smolyanyuk, A. V.},
  doi		= {10.1209/0295-5075/112/52001},
  issn		= {0295-5075},
  journal	= {EPL (Europhysics Lett.},
  month		= dec,
  number	= {5},
  pages		= {52001},
  pmid		= {16697087},
  title		= {Super-heavy nuclei with Z = 118 and their mass and charge
		  spectrum of fission fragments},
  url		= {http://stacks.iop.org/0295-5075/112/i=5/a=52001?key=crossref.3ba7aedeba1edcb1086d3d5071392e86},
  volume	= {112},
  year		= {2015}
}

@Article{	  massexplorer,
  annote	= {HowPublished             =
		  {\{}$\backslash$url{\{}http://massexplorer.frib.msu.edu{\}}{\}}},
  author	= {MassExplorer},
  journal	= {massexplorer.frib.msu.edu},
  title		= {Mass Explorer},
  url		= {http://massexplorer.frib.msu.edu},
  year		= {2012}
}

@Article{	  matheson2019,
  author	= {Matheson, Zachary and Giuliani, Samuel A. and Nazarewicz,
		  Witold and Sadhukhan, Jhilam and Schunck, Nicolas},
  doi		= {10.1103/PhysRevC.99.041304},
  issn		= {2469-9985},
  journal	= {Phys. Rev. C},
  month		= apr,
  number	= {4},
  pages		= {041304},
  publisher	= {American Physical Society},
  title		= {Cluster radioactivity of Og294},
  url		= {https://link.aps.org/doi/10.1103/PhysRevC.99.041304},
  volume	= {99},
  year		= {2019}
}

@InProceedings{	  mcdonnell2013,
  archiveprefix	= {arXiv},
  arxivid	= {1301.7587},
  author	= {McDonnell, J. and Schunck, N. and Nazarewicz, W.},
  booktitle	= {Fission Prop. Neutron-Rich Nucl.},
  doi		= {10.1142/9789814525435_0072},
  isbn		= {978-981-4525-42-8},
  month		= nov,
  pages		= {597--604},
  publisher	= {World Scientific},
  title		= {Microscopic description of nuclear fission: Fission
		  barrier heights of even-even actinides},
  url		= {/citations?view{\_}op=view{\_}citation{\&}continue=/scholar{\%}3Fhl{\%}3Den{\%}26as{\_}sdt{\%}3D0,23{\%}26scilib{\%}3D1{\&}citilm=1{\&}citation{\_}for{\_}view=OxIGOuMAAAAJ:YsMSGLbcyi4C{\&}hl=en{\&}oi=p
		  http://arxiv.org/abs/1301.7587
		  http://dx.doi.org/10.1142/9789814525435{\_}0072 http://www.worldscientifi},
  year		= {2013}
}

@Article{	  mcdonnell2014,
  archiveprefix	= {arXiv},
  arxivid	= {arXiv:1406.6955v1},
  author	= {McDonnell, J. D. and Nazarewicz, W and Sheikh, J A and
		  Staszczak, A and Warda, M},
  doi		= {10.1103/PhysRevC.90.021302},
  issn		= {0556-2813},
  journal	= {Phys. Rev. C},
  month		= aug,
  number	= {2},
  pages		= {021302},
  title		= {Excitation-energy dependence of fission in the mercury
		  region},
  url		= {https://link.aps.org/doi/10.1103/PhysRevC.90.021302},
  volume	= {90},
  year		= {2014}
}

@Article{	  mcdonnell2015,
  author	= {McDonnell, JD and Schunck, N and Higdon, D and Sarich, J.
		  and Wild, S. M. and Nazarewicz, W.},
  doi		= {10.1103/PhysRevLett.114.122501},
  issn		= {0031-9007},
  journal	= {Phys. Rev. Lett.},
  month		= mar,
  number	= {12},
  pages		= {122501},
  title		= {Uncertainty Quantification for Nuclear Density Functional
		  Theory and Information Content of New Measurements},
  url		= {https://link.aps.org/doi/10.1103/PhysRevLett.114.122501},
  volume	= {114},
  year		= {2015}
}

@Article{	  meitner1939b,
  author	= {Meitner, Lise and Frisch, O. R.},
  doi		= {10.1038/143239a0},
  issn		= {0028-0836},
  journal	= {Nature},
  month		= feb,
  number	= {3615},
  pages		= {239--240},
  publisher	= {Nature Publishing Group},
  title		= {Disintegration of Uranium by Neutrons: a New Type of
		  Nuclear Reaction},
  url		= {http://www.nature.com/articles/143239a0
		  https://doi.org/10.1038/143239a0},
  volume	= {143},
  year		= {1939}
}

@Article{	  mendoza2015,
  author	= {Mendoza-Temis, Joel de Jes{\'{u}}s and Wu, Meng-Ru and
		  Langanke, Karlheinz and Mart{\'{i}}nez-Pinedo, Gabriel and
		  Bauswein, Andreas and Janka, Hans-Thomas},
  doi		= {10.1103/PhysRevC.92.055805},
  issn		= {0556-2813},
  journal	= {Phys. Rev. C},
  month		= nov,
  number	= {5},
  pages		= {055805},
  publisher	= {American Physical Society},
  title		= {Nuclear robustness of the r process in neutron-star
		  mergers},
  url		= {https://link.aps.org/doi/10.1103/PhysRevC.92.055805},
  volume	= {92},
  year		= {2015}
}

@Article{	  messud2009,
  author	= {Messud, J{\'{e}}r{\'{e}}mie and Bender, Michael and
		  Suraud, Eric},
  doi		= {10.1103/PhysRevC.80.054314},
  issn		= {0556-2813},
  journal	= {Phys. Rev. C},
  month		= nov,
  number	= {5},
  pages		= {054314},
  title		= {Density functional theory and Kohn-Sham scheme for
		  self-bound systems},
  url		= {https://link.aps.org/doi/10.1103/PhysRevC.80.054314},
  volume	= {80},
  year		= {2009}
}

@Article{	  miller2019,
  author	= {Miller, A. J. and Minamisono, K. and Klose, A. and Garand,
		  D. and Kujawa, C. and Lantis, J. D. and Liu, Y. and
		  Maa{\ss}, B. and Mantica, P. F. and Nazarewicz, W. and
		  N{\"{o}}rtersh{\"{a}}user, W. and Pineda, S. V. and
		  Reinhard, P.-G. and Rossi, D. M. and Sommer, F. and
		  Sumithrarachchi, C. and Teigelh{\"{o}}fer, A. and Watkins, J.},
  doi		= {10.1038/s41567-019-0416-9},
  issn		= {1745-2473},
  journal	= {Nat. Phys.},
  month		= feb,
  title		= {Proton superfluidity and charge radii in proton-rich
		  calcium isotopes},
  url		= {http://www.nature.com/articles/s41567-019-0416-9},
  year		= {2019}
}

@InProceedings{	  moller1994,
  annote	= {Even Peter Moller once argued for SCMF models},
  author	= {Moller, Peter and Nix, Ray},
  booktitle	= {Present. Dai 2 Kai Hadoron Tataikei no Simul. Symp.},
  title		= {Fission Properties of the Heaviest Elements},
  url		= {https://www.osti.gov/biblio/32502},
  year		= {1994}
}

@Article{	  moller2001,
  author	= {M{\"{o}}ller, P and Madland, D G and Sierk, A J and
		  Iwamoto, A},
  doi		= {10.1038/35057204},
  issn		= {0028-0836},
  journal	= {Nature},
  month		= feb,
  number	= {6822},
  pages		= {785--790},
  publisher	= {Macmillan Magazines Ltd.},
  title		= {Nuclear fission modes and fragment mass asymmetries in a
		  five-dimensional deformation space},
  url		= {https://doi.org/10.1038/35057204
		  http://www.nature.com/articles/35057204},
  volume	= {409},
  year		= {2001}
}

@Article{	  moller2012,
  author	= {M{\"{o}}ller, Peter and Randrup, J{\o}rgen and Sierk,
		  Arnold J},
  doi		= {10.1103/PhysRevC.85.024306},
  issn		= {0556-2813},
  journal	= {Phys. Rev. C},
  month		= feb,
  number	= {2},
  pages		= {024306},
  publisher	= {American Physical Society},
  title		= {Calculated fission yields of neutron-deficient mercury
		  isotopes},
  url		= {https://link.aps.org/doi/10.1103/PhysRevC.85.024306},
  volume	= {85},
  year		= {2012}
}

@Article{	  moller2015a,
  author	= {M{\"{o}}ller, Peter and Randrup, J$\backslash$orgen},
  doi		= {10.1103/PhysRevC.91.044316},
  journal	= {Phys. Rev. C},
  month		= apr,
  number	= {4},
  pages		= {44316},
  publisher	= {American Physical Society},
  title		= {Calculated fission-fragment yield systematics in the
		  region 74{\textless}Z{\textless}94 and
		  90{\textless}N{\textless}150},
  url		= {https://link.aps.org/doi/10.1103/PhysRevC.91.044316},
  volume	= {91},
  year		= {2015}
}

@Article{	  moller2015b,
  author	= {M{\"{o}}ller, Peter and Sierk, Arnold J and Ichikawa,
		  Takatoshi and Iwamoto, Akira and Mumpower, Matthew},
  doi		= {10.1103/PhysRevC.91.024310},
  journal	= {Phys. Rev. C},
  month		= feb,
  number	= {2},
  pages		= {24310},
  publisher	= {American Physical Society},
  title		= {Fission barriers at the end of the chart of the nuclides},
  url		= {https://link.aps.org/doi/10.1103/PhysRevC.91.024310},
  volume	= {91},
  year		= {2015}
}

@Article{	  morita2015,
  author	= {Morita, Kosuke},
  doi		= {10.1016/j.nuclphysa.2015.10.007},
  issn		= {03759474},
  journal	= {Nucl. Phys. A},
  keywords	= {Heavy-ion fusion,In-flight separation,Nuclear
		  spectroscopy,Super heavy elements},
  month		= dec,
  pages		= {30--61},
  publisher	= {Elsevier B.V.},
  title		= {SHE research at RIKEN/GARIS},
  url		= {http://dx.doi.org/10.1016/j.nuclphysa.2015.10.007
		  https://linkinghub.elsevier.com/retrieve/pii/S0375947415002304},
  volume	= {944},
  year		= {2015}
}

@Article{	  mosel1969,
  author	= {Mosel, Ulrich and Greiner, Walter},
  doi		= {10.1007/BF01392125},
  issn		= {0939-7922},
  journal	= {Zeitschrift f{\"{u}}r Phys. A Hadron. Nucl.},
  month		= jun,
  number	= {3},
  pages		= {261--282},
  title		= {On the stability of superheavy nuclei against fission},
  url		= {http://linkinghub.elsevier.com/retrieve/pii/S0370157397000422
		  http://link.springer.com/10.1007/BF01392125},
  volume	= {222},
  year		= {1969}
}

@Article{	  munzenberg2015,
  author	= {M{\"{u}}nzenberg, G. and Morita, K.},
  doi		= {10.1016/j.nuclphysa.2015.06.007},
  issn		= {03759474},
  journal	= {Nucl. Phys. A},
  keywords	= {Superheavy element},
  month		= dec,
  pages		= {3--4},
  publisher	= {Elsevier B.V.},
  title		= {Synthesis of the heaviest nuclei in cold fusion
		  reactions},
  url		= {http://dx.doi.org/10.1016/j.nuclphysa.2015.06.007
		  https://linkinghub.elsevier.com/retrieve/pii/S0375947415001360},
  volume	= {944},
  year		= {2015}
}

@Article{	  munzenberg2015a,
  author	= {M{\"{u}}nzenberg, G.},
  doi		= {10.1016/j.nuclphysa.2015.06.008},
  issn		= {03759474},
  journal	= {Nucl. Phys. A},
  keywords	= {Fission barriers,Heavy-ion fusion,In-flight
		  separation,Nuclear shells,Nuclear spectroscopy,Superheavy
		  elements},
  month		= dec,
  pages		= {5--29},
  publisher	= {Elsevier B.V.},
  title		= {From bohrium to copernicium and beyond SHE research at
		  SHIP},
  url		= {http://dx.doi.org/10.1016/j.nuclphysa.2015.06.008
		  https://linkinghub.elsevier.com/retrieve/pii/S0375947415001372},
  volume	= {944},
  year		= {2015}
}

@Article{	  nagame2015,
  author	= {Nagame, Yuichiro and Kratz, Jens Volker and Sch{\"{a}}del,
		  Matthias},
  doi		= {10.1016/j.nuclphysa.2015.07.013},
  issn		= {03759474},
  journal	= {Nucl. Phys. A},
  keywords	= {Atom-at-a-time (single-atom) chemistry,Flow electrolytic
		  column chromatography,Ion-exchange
		  chromatography,Liquid-liquid extraction,Reversed-phase
		  extraction chromatography,Transactinide elements},
  month		= dec,
  pages		= {614--639},
  publisher	= {Elsevier B.V.},
  title		= {Chemical studies of elements with Z ≥ 104 in liquid
		  phase},
  url		= {http://dx.doi.org/10.1016/j.nuclphysa.2015.07.013
		  https://linkinghub.elsevier.com/retrieve/pii/S037594741500161X},
  volume	= {944},
  year		= {2015}
}

@Article{	  nakamura2013,
  author	= {Nakamura, KO and Kajino, Toshitaka and Mathews, Grant J.
		  and Sato, Susumu and Harikae, Seiji},
  doi		= {10.1142/S0218301313300221},
  issn		= {0218-3013},
  journal	= {Int. J. Mod. Phys. E},
  month		= oct,
  number	= {10},
  pages		= {1330022},
  title		= {A review of r-process nucleosynthesis in the collapsar
		  jet},
  url		= {http://www.worldscientific.com/doi/abs/10.1142/S0218301313300221},
  volume	= {22},
  year		= {2013}
}

@Article{	  navarroperez2018,
  archiveprefix	= {arXiv},
  arxivid	= {1801.08615},
  author	= {{Navarro P{\'{e}}rez}, R. and Schunck, N and Dyhdalo, A
		  and Furnstahl, R J and Bogner, S K},
  doi		= {10.1103/PhysRevC.97.054304},
  issn		= {2469-9985},
  journal	= {Phys. Rev. C},
  month		= may,
  number	= {5},
  pages		= {054304},
  title		= {Microscopically based energy density functionals for
		  nuclei using the density matrix expansion. II. Full
		  optimization and validation},
  url		= {https://link.aps.org/doi/10.1103/PhysRevC.97.054304
		  http://arxiv.org/abs/1801.08615
		  http://dx.doi.org/10.1103/PhysRevC.97.054304},
  volume	= {97},
  year		= {2018}
}

@Article{	  nazarewicz1992,
  author	= {Nazarewicz, Witold and Dobaczewski, J.},
  doi		= {10.1103/PhysRevLett.68.154},
  issn		= {0031-9007},
  journal	= {Phys. Rev. Lett.},
  month		= jan,
  number	= {2},
  pages		= {154--157},
  title		= {Dynamical symmetries, multiclustering, and octupole
		  susceptibility in superdeformed and hyperdeformed nuclei},
  url		= {https://link.aps.org/doi/10.1103/PhysRevLett.68.154},
  volume	= {68},
  year		= {1992}
}

@Article{	  nazarewicz1993,
  author	= {Nazarewicz, W},
  doi		= {10.1016/0375-9474(93)90565-F},
  isbn		= {0375-9474},
  issn		= {03759474},
  journal	= {Nucl. Phys. A},
  month		= may,
  number	= {C},
  pages		= {489--514},
  title		= {Diabaticity of nuclear motion: problems and perspectives},
  url		= {https://linkinghub.elsevier.com/retrieve/pii/037594749390565F},
  volume	= {557},
  year		= {1993}
}

@Article{	  nazarewicz2018,
  author	= {Nazarewicz, Witold},
  doi		= {10.1038/s41567-018-0163-3},
  issn		= {1745-2473},
  journal	= {Nat. Phys.},
  month		= jun,
  number	= {6},
  pages		= {537--541},
  title		= {The limits of nuclear mass and charge},
  url		= {https://doi.org/10.1038/s41567-018-0163-3
		  http://www.nature.com/articles/s41567-018-0163-3},
  volume	= {14},
  year		= {2018}
}

@Article{	  negoita2018,
  archiveprefix	= {arXiv},
  arxivid	= {1803.03215},
  author	= {Negoita, Gianina Alina and Luecke, Glenn R. and Vary,
		  James P. and Maris, Pieter and Shirokov, Andrey M. and
		  Shin, Ik Jae and Kim, Youngman and Ng, Esmond G. and Yang,
		  Chao},
  keywords	= {ab initio no-core shell,artificial neural network,ground
		  state energy,li,model,nuclear structure of 6,point proton
		  root-mean-square radius},
  month		= mar,
  title		= {Deep Learning: A Tool for Computational Nuclear Physics},
  url		= {http://arxiv.org/abs/1803.03215},
  year		= {2018}
}

@Article{	  neufcourt2018,
  archiveprefix	= {arXiv},
  arxivid	= {1806.00552},
  author	= {Neufcourt, L{\'{e}}o and Cao, Yuchen and Nazarewicz,
		  Witold and Viens, Frederi},
  doi		= {10.1103/PhysRevC.98.034318},
  issn		= {2469-9985},
  journal	= {Phys. Rev. C},
  month		= sep,
  number	= {3},
  pages		= {034318},
  title		= {Bayesian approach to model-based extrapolation of nuclear
		  observables},
  url		= {http://arxiv.org/abs/1806.00552
		  http://dx.doi.org/10.1103/PhysRevC.98.034318
		  https://link.aps.org/doi/10.1103/PhysRevC.98.034318},
  volume	= {98},
  year		= {2018}
}

@Article{	  nilsson1955,
  author	= {Nilsson, S G},
  journal	= {Mat. Fys. Medd. Dan. Vid. Selsk.},
  title		= {Binding States of Individual Nucleons in Strongly Deformed
		  Nuclei},
  volume	= {16},
  year		= {1955}
}

@Article{	  nix1972,
  author	= {Nix, J R},
  doi		= {10.1146/annurev.ns.22.120172.000433},
  issn		= {0066-4243},
  journal	= {Annu. Rev. Nucl. Sci.},
  month		= dec,
  number	= {1},
  pages		= {65--120},
  title		= {Calculation of Fission Barriers for Heavy and Superheavy
		  Nuclei},
  url		= {http://www.annualreviews.org/doi/10.1146/annurev.ns.22.120172.000433},
  volume	= {22},
  year		= {1972}
}

@Article{	  nogami1964,
  author	= {Nogami, Yukihisa},
  doi		= {10.1103/PhysRev.134.B313},
  issn		= {0031-899X},
  journal	= {Phys. Rev.},
  month		= apr,
  number	= {2B},
  pages		= {B313--B321},
  publisher	= {American Physical Society},
  title		= {Improved Superconductivity Approximation for the Pairing
		  Interaction in Nuclei},
  url		= {https://link.aps.org/doi/10.1103/PhysRev.134.B313},
  volume	= {134},
  year		= {1964}
}

@Article{	  nudat,
  author	= {{NNDC Interactive Chart of Nuclides}},
  journal	= {nndc.bnl.gov/nudat2/},
  title		= {Interactive Chart of Nuclides, NuDat 2.7},
  url		= {https://www.nndc.bnl.gov/nudat2/},
  year		= {2018}
}

@Article{	  oganessian2004,
  author	= {Oganessian, Yu.Ts. and others},
  doi		= {10.1016/j.nuclphysa.2004.01.020},
  issn		= {03759474},
  journal	= {Nucl. Phys. A},
  month		= apr,
  pages		= {109--123},
  title		= {Heavy element research at Dubna},
  url		= {http://www.sciencedirect.com/science/article/pii/S0375947404000259
		  http://linkinghub.elsevier.com/retrieve/pii/S0375947404000259},
  volume	= {734},
  year		= {2004}
}

@Article{	  oganessian2006,
  author	= {Oganessian, Yu.Ts. and others},
  doi		= {10.1103/PhysRevC.74.044602},
  issn		= {0556-2813},
  journal	= {Phys. Rev. C},
  month		= oct,
  number	= {4},
  pages		= {044602},
  publisher	= {American Physical Society},
  title		= {Synthesis of the isotopes of elements 118 and 116 in the
		  Cf249 and Cm245+Ca48 fusion reactions},
  url		= {https://link.aps.org/doi/10.1103/PhysRevC.74.044602},
  volume	= {74},
  year		= {2006}
}

@Article{	  oganessian2007,
  author	= {Oganessian, Yuri},
  doi		= {10.1088/0954-3899/34/4/R01},
  isbn		= {9781848162389},
  issn		= {0954-3899},
  journal	= {J. Phys. G Nucl. Part. Phys.},
  month		= apr,
  number	= {4},
  pages		= {R165--R242},
  title		= {Heaviest nuclei from 48 Ca-induced reactions},
  url		= {http://stacks.iop.org/0954-3899/34/i=4/a=R01?key=crossref.bc5e9f5b4d99288da945f4df3f3a7950},
  volume	= {34},
  year		= {2007}
}

@Article{	  oganessian2012,
  author	= {Oganessian, Yu. Ts. and Abdullin, F. Sh. and Alexander, C.
		  and Binder, J. and Boll, R. A. and Dmitriev, S. N. and
		  Ezold, J. and Felker, K. and Gostic, J. M. and Grzywacz, R.
		  K. and Hamilton, J. H. and Henderson, R. A. and Itkis, M.
		  G. and Miernik, K. and Miller, D. and Moody, K. J. and
		  Polyakov, A. N. and Ramayya, A. V. and Roberto, J. B. and
		  Ryabinin, M. A. and Rykaczewski, K. P. and Sagaidak, R. N.
		  and Shaughnessy, D. A. and Shirokovsky, I. V. and Shumeiko,
		  M. V. and Stoyer, M. A. and Stoyer, N. J. and Subbotin, V.
		  G. and Sukhov, A. M. and Tsyganov, Yu. S. and Utyonkov, V.
		  K. and Voinov, A. A. and Vostokin, G. K.},
  doi		= {10.1103/PhysRevLett.109.162501},
  issn		= {0031-9007},
  journal	= {Phys. Rev. Lett.},
  month		= oct,
  number	= {16},
  pages		= {162501},
  publisher	= {American Physical Society},
  title		= {Production and Decay of the Heaviest Nuclei 293,294 117
		  and 294 118},
  url		= {https://link.aps.org/doi/10.1103/PhysRevLett.109.162501},
  volume	= {109},
  year		= {2012}
}

@Article{	  oganessian2015,
  author	= {Oganessian, Yu.Ts. and Utyonkov, V.K.},
  doi		= {10.1016/j.nuclphysa.2015.07.003},
  issn		= {03759474},
  journal	= {Nucl. Phys. A},
  keywords	= {Alpha decay,Heavy-ion induced
		  fusion,Spontaneou,Spontaneous fission,Superheavy
		  elements,[Alpha decay},
  month		= dec,
  pages		= {62--98},
  publisher	= {Elsevier B.V.},
  title		= {Superheavy nuclei from 48 Ca-induced reactions},
  url		= {http://dx.doi.org/10.1016/j.nuclphysa.2015.07.003
		  https://linkinghub.elsevier.com/retrieve/pii/S0375947415001517},
  volume	= {944},
  year		= {2015}
}

@Article{	  oganessian2016,
  author	= {Oganessian, Yuri Ts. and Dmitriev, Sergey N},
  doi		= {10.1070/RCR4607},
  issn		= {0036-021X},
  journal	= {Russ. Chem. Rev.},
  month		= sep,
  number	= {9},
  pages		= {901--916},
  title		= {Synthesis and study of properties of superheavy atoms.
		  Factory of Superheavy Elements},
  url		= {http://stacks.iop.org/0036-021X/85/i=9/a=901
		  http://stacks.iop.org/0036-021X/85/i=9/a=901?key=crossref.c9f29842ad647ec0c625560596930907},
  volume	= {85},
  year		= {2016}
}

@Article{	  otsuka2018,
  archiveprefix	= {arXiv},
  arxivid	= {1805.06501},
  author	= {Otsuka, Takaharu and Gade, Alexandra and Sorlin, Olivier
		  and Suzuki, Toshio and Utsuno, Yutaka},
  month		= may,
  title		= {Evolution of nuclear structure in exotic nuclei and
		  nuclear forces},
  url		= {http://arxiv.org/abs/1805.06501},
  year		= {2018}
}

@Article{	  panov2005,
  archiveprefix	= {arXiv},
  arxivid	= {astro-ph/0412654},
  author	= {Panov, I.V. and Kolbe, E. and Pfeiffer, B. and Rauscher,
		  T. and Kratz, K.-L. and Thielemann, F.-K.},
  doi		= {10.1016/j.nuclphysa.2004.09.115},
  issn		= {03759474},
  journal	= {Nucl. Phys. A},
  keywords	= {Fission,Fission rates,r-process},
  month		= jan,
  number	= {2-4},
  pages		= {633--654},
  primaryclass	= {astro-ph},
  title		= {Calculations of fission rates for r-process
		  nucleosynthesis},
  url		= {http://linkinghub.elsevier.com/retrieve/pii/S0375947404010255},
  volume	= {747},
  year		= {2005}
}

@Article{	  pei2009,
  archiveprefix	= {arXiv},
  arxivid	= {0901.0901},
  author	= {Pei, J. C. and Nazarewicz, W. and Sheikh, J. A. and
		  Kerman, A. K.},
  doi		= {10.1103/PhysRevLett.102.192501},
  isbn		= {0031-9007$\backslash$r1079-7114},
  issn		= {0031-9007},
  journal	= {Phys. Rev. Lett.},
  month		= may,
  number	= {19},
  pages		= {192501},
  pmid		= {19518948},
  title		= {Fission Barriers of Compound Superheavy Nuclei},
  url		= {https://link.aps.org/doi/10.1103/PhysRevLett.102.192501},
  volume	= {102},
  year		= {2009}
}

@Article{	  perez2017,
  archiveprefix	= {arXiv},
  arxivid	= {nucl-th/0406075},
  author	= {Perez, R. Navarro and Schunck, N. and Lasseri, R.-D. and
		  Zhang, C. and Sarich, J.},
  doi		= {10.1016/j.cpc.2017.06.022},
  isbn		= {0010-4655},
  issn		= {00104655},
  journal	= {Comput. Phys. Commun.},
  keywords	= {Axial harmonic oscillator basis,Collective inertia,Energy
		  density functional theory,Gogny
		  force,Hartree–Fock–Bogoliubov theory,Pairing
		  regularization,Skyrme force,Transformed harmonic
		  oscillator},
  month		= nov,
  pages		= {363--375},
  primaryclass	= {nucl-th},
  publisher	= {Elsevier B.V.},
  title		= {Axially deformed solution of the
		  Skyrme–Hartree–Fock–Bogolyubov equations using the
		  transformed harmonic oscillator basis (III) hfbtho (v3.00):
		  A new version of the program},
  url		= {http://dx.doi.org/10.1016/j.cpc.2017.06.022
		  https://linkinghub.elsevier.com/retrieve/pii/S0010465517302047},
  volume	= {220},
  year		= {2017}
}

@Article{	  perlinska2004,
  archiveprefix	= {arXiv},
  arxivid	= {nucl-th/0310005},
  author	= {Perli{\'{n}}ska, E. and Rohozi{\'{n}}ski, S. G. and
		  Dobaczewski, J. and Nazarewicz, W.},
  doi		= {10.1103/PhysRevC.69.014316},
  isbn		= {0556-2813},
  issn		= {0556-2813},
  journal	= {Phys. Rev. C},
  month		= jan,
  number	= {1},
  pages		= {014316},
  primaryclass	= {nucl-th},
  title		= {Local density approximation for proton-neutron pairing
		  correlations: Formalism},
  url		= {https://link.aps.org/doi/10.1103/PhysRevC.69.014316},
  volume	= {69},
  year		= {2004}
}

@Article{	  pershina2015,
  author	= {Pershina, V.},
  doi		= {10.1016/j.nuclphysa.2015.04.007},
  issn		= {03759474},
  journal	= {Nucl. Phys. A},
  keywords	= {Electronic structure,Properties,Relativistic
		  effects,Superheavy elements},
  month		= dec,
  pages		= {578--613},
  publisher	= {Elsevier B.V.},
  title		= {Electronic structure and properties of superheavy
		  elements},
  url		= {http://dx.doi.org/10.1016/j.nuclphysa.2015.04.007
		  https://linkinghub.elsevier.com/retrieve/pii/S0375947415001037},
  volume	= {944},
  year		= {2015}
}

@Article{	  pes_tools,
  author	= {PES{\_}Tools},
  journal	= {gitlab.com/schuncknf/pes{\_}tools},
  publisher	= {GitLab},
  title		= {PES Tools},
  url		= {https://gitlab.com/schuncknf/pes{\_}tools},
  year		= {2019}
}

@Article{	  pian2017,
  author	= {Pian, E and D'Avanzo, P and Benetti, S and Branchesi, M
		  and Brocato, E and Campana, S and Cappellaro, E and Covino,
		  S and D'Elia, V and Fynbo, J P U and Getman, F and
		  Ghirlanda, G and Ghisellini, G and Grado, A and Greco, G
		  and Hjorth, J and Kouveliotou, C and Levan, A and Limatola,
		  L and Malesani, D and Mazzali, P A and Melandri, A and
		  M{\o}ller, P and Nicastro, L and Palazzi, E and
		  Piranomonte, S and Rossi, A and Salafia, O S and Selsing, J
		  and Stratta, G and Tanaka, M and Tanvir, N R and Tomasella,
		  L and Watson, D and Yang, S and Amati, L and Antonelli, L A
		  and Ascenzi, S and Bernardini, M G and Bo{\"{e}}r, M and
		  Bufano, F and Bulgarelli, A and Capaccioli, M and Casella,
		  P and Castro-Tirado, A J and Chassande-Mottin, E and
		  Ciolfi, R and Copperwheat, C M and Dadina, M and {De
		  Cesare}, G and {Di Paola}, A and Fan, Y Z and Gendre, B and
		  Giuffrida, G and Giunta, A and Hunt, L K and Israel, G L
		  and Jin, Z.-P. and Kasliwal, M M and Klose, S and Lisi, M
		  and Longo, F and Maiorano, E and Mapelli, M and Masetti, N
		  and Nava, L and Patricelli, B and Perley, D and Pescalli, A
		  and Piran, T and Possenti, A and Pulone, L and Razzano, M
		  and Salvaterra, R and Schipani, P and Spera, M and
		  Stamerra, A and Stella, L and Tagliaferri, G and Testa, V
		  and Troja, E and Turatto, M and Vergani, S. D. and Vergani,
		  D},
  doi		= {10.1038/nature24298},
  issn		= {0028-0836},
  journal	= {Nature},
  month		= oct,
  pages		= {67},
  publisher	= {Macmillan Publishers Limited, part of Springer Nature. All
		  rights reserved.},
  title		= {Spectroscopic identification of r-process nucleosynthesis
		  in a double neutron-star merger},
  url		= {https://doi.org/10.1038/nature24298
		  http://10.0.4.14/nature24298
		  http://www.nature.com/doifinder/10.1038/nature24298},
  volume	= {551},
  year		= {2017}
}

@Article{	  poenaru1986,
  author	= {Poenaru, D.N. and Greiner, W and Depta, K and Ivascu, M
		  and Mazilu, D and Sandulescu, A},
  doi		= {10.1016/0092-640X(86)90013-6},
  issn		= {0092640X},
  journal	= {At. Data Nucl. Data Tables},
  month		= may,
  number	= {3},
  pages		= {423--538},
  title		= {Calculated half-lives and kinetic energies for spontaneous
		  emission of heavy ions from nuclei},
  url		= {http://www.sciencedirect.com/science/article/pii/0092640X86900136
		  http://linkinghub.elsevier.com/retrieve/pii/0092640X86900136},
  volume	= {34},
  year		= {1986}
}

@InBook{	  poenaru2010,
  address	= {Berlin, Heidelberg},
  author	= {Poenaru, Dorin N and Greiner, Walter},
  booktitle	= {Clust. Nucl. Vol. 1},
  doi		= {10.1007/978-3-642-13899-7_1},
  editor	= {Beck, Christian},
  isbn		= {978-3-642-13899-7},
  pages		= {1--56},
  publisher	= {Springer Berlin Heidelberg},
  title		= {Cluster Radioactivity},
  url		= {http://link.springer.com/10.1007/978-3-642-13899-7{\_}1},
  year		= {2010}
}

@Article{	  poenaru2011,
  annote	= {From Duplicate 2 (Heavy-Particle Radioactivity of
		  Superheavy Nuclei - Poenaru, D. N.; Gherghescu, R. A.;
		  Greiner, W.)
		  
		  In this paper they propose changing/extending the concept
		  of Heavy Particle Radiation (which is essentially cluster
		  emission). Also they apply some model to HPR in SHE.
		  
		  Next year (2012) they'll publish another paper in PRC that
		  is basically the same thing, except they expand it to
		  odd-N,Z systems and switch from saying "Heavy Particle
		  Radioactivity" to "Cluster Radioactivity"},
  author	= {Poenaru, D. N. and Gherghescu, R. A. and Greiner, W.},
  doi		= {10.1103/PhysRevLett.107.062503},
  issn		= {0031-9007},
  journal	= {Phys. Rev. Lett.},
  month		= aug,
  number	= {6},
  pages		= {062503},
  publisher	= {American Physical Society},
  title		= {Heavy-Particle Radioactivity of Superheavy Nuclei},
  url		= {https://link.aps.org/doi/10.1103/PhysRevLett.107.062503},
  volume	= {107},
  year		= {2011}
}

@Article{	  poenaru2012,
  annote	= {From Duplicate 1 (Cluster decay of superheavy nuclei -
		  Poenaru, D. N.; Gherghescu, R. A.; Greiner, W.)
		  
		  In this paper they propose changing/extending the concept
		  of Cluster Radiation. Also they apply some model to CR in
		  SHE.
		  
		  Last year (2011) they published another paper in PRL that
		  is basically the same thing, except they without odd-N,Z
		  systems and with "Heavy Particle Radioactivity" instead of
		  "Cluster Radioactivity"},
  author	= {Poenaru, D. N. and Gherghescu, R. A. and Greiner, W.},
  doi		= {10.1103/PhysRevC.85.034615},
  issn		= {0556-2813},
  journal	= {Phys. Rev. C},
  month		= mar,
  number	= {3},
  pages		= {034615},
  publisher	= {American Physical Society},
  title		= {Cluster decay of superheavy nuclei},
  url		= {https://link.aps.org/doi/10.1103/PhysRevC.85.034615},
  volume	= {85},
  year		= {2012}
}

@Article{	  poenaru2013,
  author	= {Poenaru, D N and Gherghescu, R A and Greiner, W},
  doi		= {10.1088/1742-6596/436/1/012056},
  issn		= {1742-6588},
  journal	= {J. Phys. Conf. Ser.},
  month		= apr,
  pages		= {012056},
  title		= {Heavy-particle radioactivity},
  url		= {http://stacks.iop.org/1742-6596/436/i=1/a=012056
		  http://stacks.iop.org/1742-6596/436/i=1/a=012056?key=crossref.2f68f41a6d20b9eb46a4ee1efd7ed9d6},
  volume	= {436},
  year		= {2013}
}

@InBook{	  poenaru2015,
  address	= {Cham},
  author	= {Poenaru, D N and Gherghescu, R A and Greiner, W and
		  Shakib, N S},
  booktitle	= {Nucl. Phys. Present Futur.},
  doi		= {10.1007/978-3-319-10199-6_13},
  isbn		= {978-3-319-10199-6},
  pages		= {131--140},
  publisher	= {Springer International Publishing},
  title		= {How Rare Is Cluster Decay of Superheavy Nuclei?},
  url		= {10.1007/978-3-319-10199-6{\_}13
		  http://link.springer.com/10.1007/978-3-319-10199-6{\_}13},
  year		= {2015}
}

@Article{	  poenaru2018,
  author	= {Poenaru, D N and Gherghescu, R A},
  doi		= {10.1103/PhysRevC.97.044621},
  issn		= {2469-9985},
  journal	= {Phys. Rev. C},
  month		= apr,
  number	= {4},
  pages		= {044621},
  publisher	= {American Physical Society},
  title		= {$\alpha$ decay and cluster radioactivity of nuclei of
		  interest to the synthesis of Z=119, 120 isotopes},
  url		= {https://link.aps.org/doi/10.1103/PhysRevC.97.044621},
  volume	= {97},
  year		= {2018}
}

@Article{	  polikanov1962,
  author	= {Polikanov, S M and Druin, V A and Karnaukhov, V A and
		  Mikheev, V L and Pleve, A A and Skobelev, N K and Subbotin,
		  V G and Terakopyan, G M and Fomichev, V A},
  journal	= {Sov. Physics11 JETP-USSR},
  number	= {6},
  pages		= {1016--1021},
  publisher	= {AMER INST PHYSICS CIRCULATION FULFILLMENT DIV, 500
		  SUNNYSIDE BLVD, WOODBURY},
  title		= {Spontaneous fission with an anomalously short period},
  volume	= {15},
  year		= {1962}
}

@Article{	  pradhan1973,
  author	= {Pradhan, H.C. and Nogami, Y and Law, J},
  doi		= {10.1016/0375-9474(73)90071-7},
  issn		= {03759474},
  journal	= {Nucl. Phys. A},
  month		= feb,
  number	= {2},
  pages		= {357--368},
  title		= {Study of approximations in the nuclear pairing-force
		  problem},
  url		= {http://www.sciencedirect.com/science/article/pii/0375947473900717
		  http://linkinghub.elsevier.com/retrieve/pii/0375947473900717},
  volume	= {201},
  year		= {1973}
}

@Article{	  randrup2011,
  author	= {Randrup, J and M{\"{o}}ller, P and Sierk, A J},
  doi		= {10.1103/PhysRevC.84.034613},
  issn		= {0556-2813},
  journal	= {Phys. Rev. C},
  month		= sep,
  number	= {3},
  pages		= {034613},
  publisher	= {American Physical Society},
  title		= {Fission-fragment mass distributions from strongly damped
		  shape evolution},
  url		= {https://link.aps.org/doi/10.1103/PhysRevC.84.034613},
  volume	= {84},
  year		= {2011}
}

@Article{	  regnier2016,
  author	= {Regnier, D. and Dubray, N. and Schunck, N. and
		  Verri{\`{e}}re, M.},
  doi		= {10.1103/PhysRevC.93.054611},
  issn		= {2469-9985},
  journal	= {Phys. Rev. C},
  month		= may,
  number	= {5},
  pages		= {054611},
  publisher	= {American Physical Society},
  title		= {Fission fragment charge and mass distributions in
		  Pu239(n,f) in the adiabatic nuclear energy density
		  functional theory},
  url		= {http://link.aps.org/doi/10.1103/PhysRevC.93.054611
		  https://link.aps.org/doi/10.1103/PhysRevC.93.054611},
  volume	= {93},
  year		= {2016}
}

@Article{	  regnier2017,
  author	= {Regnier, D and Dubray, N and Verri{\`{e}}re, M. and
		  Schunck, N},
  doi		= {10.1016/j.cpc.2017.12.007},
  issn		= {00104655},
  journal	= {Comput. Phys. Commun.},
  month		= apr,
  pages		= {180--191},
  title		= {FELIX-2.0: New version of the finite element solver for
		  the time dependent generator coordinate method with the
		  Gaussian overlap approximation},
  url		= {https://linkinghub.elsevier.com/retrieve/pii/S0010465517304125},
  volume	= {225},
  year		= {2018}
}

@Article{	  regnier2019,
  archiveprefix	= {arXiv},
  arxivid	= {1810.08402},
  author	= {Regnier, D. and Dubray, N. and Schunck, N.},
  doi		= {10.1103/PhysRevC.99.024611},
  issn		= {24699993},
  journal	= {Phys. Rev. C},
  keywords	= {doi:10.1103/PhysRevC.99.024611 url:https://doi.org},
  number	= {2},
  pages		= {1--14},
  publisher	= {American Physical Society},
  title		= {From asymmetric to symmetric fission in the fermium
		  isotopes within the time-dependent
		  generator-coordinate-method formalism},
  url		= {http://arxiv.org/abs/1810.08402},
  volume	= {99},
  year		= {2019}
}

@Article{	  reinhard2011,
  archiveprefix	= {arXiv},
  arxivid	= {1011.0224},
  author	= {Reinhard, P.-G. and Maruhn, J. A. and Umar, A. S. and
		  Oberacker, V. E.},
  doi		= {10.1103/PhysRevC.83.034312},
  issn		= {0556-2813},
  journal	= {Phys. Rev. C},
  month		= mar,
  number	= {3},
  pages		= {034312},
  title		= {Localization in light nuclei},
  url		= {https://link.aps.org/doi/10.1103/PhysRevC.83.034312},
  volume	= {83},
  year		= {2011}
}

@Article{	  reinhard2018,
  archiveprefix	= {arXiv},
  arxivid	= {1710.05667},
  author	= {Reinhard, P. -G.},
  doi		= {10.1140/epja/i2018-12421-x},
  issn		= {1434-6001},
  journal	= {Eur. Phys. J. A},
  month		= feb,
  number	= {2},
  pages		= {13},
  title		= {Nuclear density-functional theory and fission of
		  super-heavy elements},
  url		= {http://arxiv.org/abs/1710.05667
		  http://dx.doi.org/10.1140/epja/i2018-12421-x
		  http://link.springer.com/10.1140/epja/i2018-12421-x},
  volume	= {54},
  year		= {2018}
}

@Book{		  ring1980,
  address	= {New York},
  author	= {Ring, P and Schuck, P},
  editor	= {Beiglbock, Wolf and Goldhaber, Maurice and Lieb, Elliott H
		  and Thirring, Walter},
  isbn		= {0387098208},
  pages		= {716},
  publisher	= {Springer-Verlag},
  title		= {The Nuclear Many-Body Problem},
  url		= {https://books.google.com/books?id=PTynSM-nMA8C},
  year		= {1980}
}

@Article{	  rising2013,
  author	= {Rising, M. E. and Talou, P. and Kawano, T. and Prinja, A.
		  K.},
  doi		= {10.13182/NSE12-34},
  issn		= {0029-5639},
  journal	= {Nucl. Sci. Eng.},
  month		= sep,
  number	= {1},
  pages		= {81--93},
  publisher	= {American Association for the Advancement of Science},
  title		= {Evaluation and Uncertainty Quantification of Prompt
		  Fission Neutron Spectra of Uranium and Plutonium Isotopes},
  url		= {https://science.sciencemag.org/content/358/6370/1570
		  https://www.tandfonline.com/doi/full/10.13182/NSE12-34},
  volume	= {175},
  year		= {2013}
}

@Article{	  roberto2015,
  author	= {Roberto, J.B. and Alexander, C.W. and Boll, R.A. and
		  Burns, J.D. and Ezold, J.G. and Felker, L.K. and Hogle,
		  S.L. and Rykaczewski, K.P.},
  doi		= {10.1016/j.nuclphysa.2015.06.009},
  issn		= {03759474},
  journal	= {Nucl. Phys. A},
  keywords	= {Actinide,Actinide
		  target,Berkelium,Californium,Einsteinium,Super-heavy
		  element},
  month		= dec,
  pages		= {99--116},
  publisher	= {Elsevier B.V.},
  title		= {Actinide targets for the synthesis of super-heavy
		  elements},
  url		= {http://dx.doi.org/10.1016/j.nuclphysa.2015.06.009
		  https://linkinghub.elsevier.com/retrieve/pii/S0375947415001384},
  volume	= {944},
  year		= {2015}
}

@Article{	  roberto2018,
  author	= {Roberto, J B and Rykaczewski, K P},
  doi		= {10.1080/01496395.2017.1290658},
  issn		= {0149-6395},
  journal	= {Sep. Sci. Technol.},
  month		= aug,
  number	= {12},
  pages		= {1813--1819},
  title		= {Discovery of element 117: Super-heavy elements and the
		  “island of stability”*},
  url		= {https://www.tandfonline.com/doi/full/10.1080/01496395.2017.1290658},
  volume	= {53},
  year		= {2018}
}

@Article{	  rodrguez-guzman2016,
  archiveprefix	= {arXiv},
  arxivid	= {1405.6784},
  author	= {Rodrıguez-Guzm{\'{a}}n, R. and Robledo, L. M.},
  doi		= {10.1140/epja/i2016-16012-7},
  issn		= {1434-6001},
  journal	= {Eur. Phys. J. A},
  month		= jan,
  number	= {1},
  pages		= {12},
  title		= {Microscopic description of fission in neutron-rich radium
		  isotopes with the Gogny energy density functional},
  url		= {http://link.springer.com/10.1140/epja/i2016-16012-7},
  volume	= {52},
  year		= {2016}
}

@Article{	  rodriguez-guzman2018,
  author	= {Rodr{\'{i}}guez-Guzm{\'{a}}n, R. and Robledo, L M},
  doi		= {10.1103/PhysRevC.98.034308},
  issn		= {2469-9985},
  journal	= {Phys. Rev. C},
  month		= sep,
  number	= {3},
  pages		= {034308},
  publisher	= {American Physical Society},
  title		= {Least action description of spontaneous fission in fermium
		  and nobelium nuclei based on the Gogny energy density
		  functional},
  url		= {https://link.aps.org/doi/10.1103/PhysRevC.98.034308},
  volume	= {98},
  year		= {2018}
}

@Article{	  rose1984,
  author	= {Rose, H J and Jones, G A},
  doi		= {10.1038/307245a0},
  issn		= {0028-0836},
  journal	= {Nature},
  month		= jan,
  number	= {5948},
  pages		= {245--247},
  title		= {A new kind of natural radioactivity},
  url		= {https://doi.org/10.1038/307245a0
		  http://www.nature.com/doifinder/10.1038/307245a0},
  volume	= {307},
  year		= {1984}
}

@Article{	  rouvel2019,
  author	= {Rouvel, D. and Dudek, J.},
  doi		= {10.1103/PhysRevC.99.041303},
  issn		= {2469-9985},
  journal	= {Phys. Rev. C},
  keywords	= {doi:10.1103/PhysRevC.99.041303 url:https://doi.org},
  number	= {4},
  pages		= {041303},
  publisher	= {American Physical Society},
  title		= {New approach to the adiabaticity concepts in the
		  collective nuclear motion: Impact for the
		  collective-inertia tensor and comparisons with experiment},
  url		= {https://link.aps.org/doi/10.1103/PhysRevC.99.041303},
  volume	= {99},
  year		= {2019}
}

@Article{	  royer1998,
  author	= {Royer, G and Gupta, Raj K and Denisov, V.Yu.},
  doi		= {10.1016/S0375-9474(97)00801-4},
  issn		= {03759474},
  journal	= {Nucl. Phys. A},
  month		= mar,
  number	= {2},
  pages		= {275--284},
  title		= {Cluster radioactivity and very asymmetric fission through
		  compact and creviced shapes},
  url		= {http://www.sciencedirect.com/science/article/pii/S0375947497008014
		  http://linkinghub.elsevier.com/retrieve/pii/S0375947497008014},
  volume	= {632},
  year		= {1998}
}

@Article{	  sadhukhan2013,
  archiveprefix	= {arXiv},
  arxivid	= {1310.2003},
  author	= {Sadhukhan, Jhilam and Mazurek, K. and Baran, A. and
		  Dobaczewski, J. and Nazarewicz, W. and Sheikh, J. A.},
  doi		= {10.1103/PhysRevC.88.064314},
  issn		= {0556-2813},
  journal	= {Phys. Rev. C},
  month		= dec,
  number	= {6},
  pages		= {064314},
  title		= {Spontaneous fission lifetimes from the minimization of
		  self-consistent collective action},
  url		= {https://link.aps.org/doi/10.1103/PhysRevC.88.064314},
  volume	= {88},
  year		= {2013}
}

@Article{	  sadhukhan2014,
  archiveprefix	= {arXiv},
  arxivid	= {arXiv:1410.1264v1},
  author	= {Sadhukhan, Jhilam and Dobaczewski, J. and Nazarewicz, W.
		  and Sheikh, J. A. and Baran, A.},
  doi		= {10.1103/PhysRevC.90.061304},
  issn		= {0556-2813},
  journal	= {Phys. Rev. C},
  month		= dec,
  number	= {6},
  pages		= {061304},
  title		= {Pairing-induced speedup of nuclear spontaneous fission},
  url		= {https://link.aps.org/doi/10.1103/PhysRevC.90.061304},
  volume	= {90},
  year		= {2014}
}

@Article{	  sadhukhan2016,
  archiveprefix	= {arXiv},
  arxivid	= {1510.08003},
  author	= {Sadhukhan, Jhilam and Nazarewicz, Witold and Schunck,
		  Nicolas},
  doi		= {10.1103/PhysRevC.93.011304},
  issn		= {2469-9985},
  journal	= {Phys. Rev. C},
  month		= jan,
  number	= {1},
  pages		= {011304},
  title		= {Microscopic modeling of mass and charge distributions in
		  the spontaneous fission of 240Pu},
  url		= {https://link.aps.org/doi/10.1103/PhysRevC.93.011304
		  /citations?view{\_}op=view{\_}citation{\&}continue=/scholar{\%}3Fhl{\%}3Den{\%}26as{\_}sdt{\%}3D0,23{\%}26scilib{\%}3D1{\&}citilm=1{\&}citation{\_}for{\_}view=OxIGOuMAAAAJ:W7OEmFMy1HYC{\&}hl=en{\&}oi=p},
  volume	= {93},
  year		= {2016}
}

@Article{	  sadhukhan2017,
  archiveprefix	= {arXiv},
  arxivid	= {1711.10681},
  author	= {Sadhukhan, Jhilam and Zhang, Chunli and Nazarewicz, Witold
		  and Schunck, Nicolas},
  doi		= {10.1103/PhysRevC.96.061301},
  issn		= {2469-9985},
  journal	= {Phys. Rev. C},
  month		= dec,
  number	= {6},
  pages		= {061301},
  title		= {Formation and distribution of fragments in the spontaneous
		  fission of 240Pu},
  url		= {http://arxiv.org/abs/1711.10681
		  https://link.aps.org/doi/10.1103/PhysRevC.96.061301},
  volume	= {96},
  year		= {2017}
}

@Article{	  sandulescu1980,
  author	= {Sandulescu, A and Poenaru, D and Greiner, W},
  journal	= {Sov. J. Part. Nucl.},
  pages		= {528},
  title		= {New type of decay of heavy nuclei intermediate between
		  fission and alpha-decay},
  volume	= {11},
  year		= {1980}
}

@Article{	  santhosh2014,
  archiveprefix	= {arXiv},
  arxivid	= {nucl-th/9403008},
  author	= {Santhosh, K. P. and Priyanka, B.},
  doi		= {10.1142/S0218301314500591},
  issn		= {0218-3013},
  journal	= {Int. J. Mod. Phys. E},
  keywords	= {heavy particle decay,superheavy nuclei},
  month		= oct,
  number	= {10},
  pages		= {1450059},
  primaryclass	= {nucl-th},
  title		= {Probable cluster decays from 270–318 118 superheavy
		  nuclei},
  url		= {http://www.worldscientific.com/doi/abs/10.1142/S0218301314500591},
  volume	= {23},
  year		= {2014}
}

@Article{	  santhosh2018,
  author	= {Santhosh, K P and Nithya, C},
  doi		= {10.1103/PhysRevC.97.064616},
  issn		= {2469-9985},
  journal	= {Phys. Rev. C},
  month		= jun,
  number	= {6},
  pages		= {064616},
  publisher	= {American Physical Society},
  title		= {Systematic studies of $\alpha$ and heavy-cluster emissions
		  from superheavy nuclei},
  url		= {https://link.aps.org/doi/10.1103/PhysRevC.97.064616},
  volume	= {97},
  year		= {2018}
}

@Article{	  sargsyan2010,
  author	= {Sargsyan, V V and Kanokov, Z and Adamian, G G and
		  Antonenko, N V},
  doi		= {10.1134/S1063779610020012},
  issn		= {1063-7796},
  journal	= {Phys. Part. Nucl.},
  month		= mar,
  number	= {2},
  pages		= {175--229},
  title		= {Quantum statistical effects in nuclear reactions, fission,
		  and open quantum systems},
  url		= {https://doi.org/10.1134/S1063779610020012
		  http://link.springer.com/10.1134/S1063779610020012},
  volume	= {41},
  year		= {2010}
}

@Article{	  scamps2015,
  author	= {Scamps, Guillaume and Simenel, C{\'{e}}dric and Lacroix,
		  Denis},
  doi		= {10.1103/PhysRevC.92.011602},
  issn		= {0556-2813},
  journal	= {Phys. Rev. C},
  month		= jul,
  number	= {1},
  pages		= {011602},
  publisher	= {American Physical Society},
  title		= {Superfluid dynamics of Fm258 fission},
  url		= {https://link.aps.org/doi/10.1103/PhysRevC.92.011602},
  volume	= {92},
  year		= {2015}
}

@Article{	  scamps2015a,
  author	= {Scamps, Guillaume and Simenel, C{\'{e}}dric and Lacroix,
		  Denis},
  doi		= {10.1063/1.4932264},
  journal	= {AIP Conf. Proc.},
  number	= {1},
  pages		= {040003},
  title		= {Dynamical description of the fission process using the
		  TD-BCS theory},
  url		= {https://aip.scitation.org/doi/abs/10.1063/1.4932264
		  http://aip.scitation.org/doi/abs/10.1063/1.4932264},
  volume	= {1681},
  year		= {2015}
}

@Article{	  scamps2018a,
  archiveprefix	= {arXiv},
  arxivid	= {arXiv:1804.03337v2},
  author	= {Scamps, Guillaume and Simenel, C{\'{e}}dric},
  doi		= {10.1038/s41586-018-0780-0},
  issn		= {0028-0836},
  journal	= {Nature},
  month		= dec,
  number	= {7736},
  pages		= {382--385},
  publisher	= {Springer US},
  title		= {Impact of pear-shaped fission fragments on mass-asymmetric
		  fission in actinides},
  url		= {http://dx.doi.org/10.1038/s41586-018-0780-0
		  http://www.nature.com/articles/s41586-018-0780-0
		  https://doi.org/10.1038/s41586-018-0780-0},
  volume	= {564},
  year		= {2018}
}

@Article{	  scamps2019,
  archiveprefix	= {arXiv},
  arxivid	= {1904.01275},
  author	= {Scamps, Guillaume and Simenel, C{\'{e}}dric},
  journal	= {arxiv.org/abs/1904.01275},
  title		= {Effect of shell structure on the fission of sub-lead
		  nuclei},
  url		= {https://arxiv.org/abs/1904.01275},
  year		= {2019}
}

@Article{	  schmidt2000,
  author	= {Schmidt, K.-H. and Steinh{\"{a}}user, S. and
		  B{\"{o}}ckstiegel, C. and Grewe, A. and Heinz, A. and
		  Junghans, A.R. and Benlliure, J. and Clerc, H.-G. and de
		  Jong, M. and M{\"{u}}ller, J. and Pf{\"{u}}tzner, M. and
		  Voss, B.},
  doi		= {10.1016/S0375-9474(99)00384-X},
  issn		= {03759474},
  journal	= {Nucl. Phys. A},
  month		= feb,
  number	= {3-4},
  pages		= {221--267},
  title		= {Relativistic radioactive beams: A new access to
		  nuclear-fission studies},
  url		= {https://linkinghub.elsevier.com/retrieve/pii/S037594749900384X},
  volume	= {665},
  year		= {2000}
}

@Article{	  schmidt2001,
  author	= {Schmidt, K.-H. and Benlliure, J. and Junghans, A.R.},
  doi		= {10.1016/S0375-9474(01)00648-0},
  issn		= {03759474},
  journal	= {Nucl. Phys. A},
  month		= oct,
  number	= {1-2},
  pages		= {169--189},
  title		= {Fission of nuclei far from stability},
  url		= {https://linkinghub.elsevier.com/retrieve/pii/S0375947401006480},
  volume	= {693},
  year		= {2001}
}

@Article{	  schmidt2016,
  annote	= {Special Issue on Nuclear Reaction Data},
  author	= {Schmidt, K.-H. and Jurado, B and Amouroux, C and Schmitt,
		  C},
  doi		= {10.1016/j.nds.2015.12.009},
  issn		= {00903752},
  journal	= {Nucl. Data Sheets},
  month		= jan,
  pages		= {107--221},
  title		= {General Description of Fission Observables: GEF Model
		  Code},
  url		= {http://www.sciencedirect.com/science/article/pii/S0090375215000745
		  https://linkinghub.elsevier.com/retrieve/pii/S0090375215000745},
  volume	= {131},
  year		= {2016}
}

@Article{	  schmidt2018,
  archiveprefix	= {arXiv},
  arxivid	= {1804.10421},
  author	= {Schmidt, Karl-Heinz and Jurado, Beatriz},
  doi		= {10.1088/1361-6633/aacfa7},
  issn		= {0034-4885},
  journal	= {Rep. Prog. Phys.},
  month		= oct,
  number	= {10},
  pages		= {106301},
  publisher	= {IOP Publishing},
  title		= {Review on the progress in nuclear fission—experimental
		  methods and theoretical descriptions},
  url		= {http://arxiv.org/abs/1804.10421
		  http://stacks.iop.org/0034-4885/81/i=10/a=106301?key=crossref.cbcf8d1dcc549a84f01b9c9c32b84958},
  volume	= {81},
  year		= {2018}
}

@Article{	  schuetrumpf2017,
  archiveprefix	= {arXiv},
  arxivid	= {1706.05759},
  author	= {Schuetrumpf, B. and Nazarewicz, W. and Reinhard, P.-G.},
  doi		= {10.1103/PhysRevC.96.024306},
  issn		= {2469-9985},
  journal	= {Phys. Rev. C},
  month		= aug,
  number	= {2},
  pages		= {024306},
  title		= {Central depression in nucleonic densities: Trend analysis
		  in the nuclear density functional theory approach},
  url		= {https://link.aps.org/doi/10.1103/PhysRevC.96.024306},
  volume	= {96},
  year		= {2017}
}

@Article{	  schuetrumpf2017a,
  archiveprefix	= {arXiv},
  arxivid	= {1710.00579},
  author	= {Schuetrumpf, B. and Nazarewicz, W.},
  doi		= {10.1103/PhysRevC.96.064608},
  issn		= {2469-9985},
  journal	= {Phys. Rev. C},
  month		= dec,
  number	= {6},
  pages		= {064608},
  title		= {Cluster formation in precompound nuclei in the
		  time-dependent framework},
  url		= {http://arxiv.org/abs/1710.00579
		  https://link.aps.org/doi/10.1103/PhysRevC.96.064608},
  volume	= {96},
  year		= {2017}
}

@Article{	  schunck2012,
  archiveprefix	= {arXiv},
  arxivid	= {nucl-th/0401006},
  author	= {Schunck, N. and Dobaczewski, J. and McDonnell, J. and
		  Satu{\l}a, W. and Sheikh, J.A. and Staszczak, A. and
		  Stoitsov, M. and Toivanen, P.},
  doi		= {10.1016/j.cpc.2011.08.013},
  isbn		= {0010-4655},
  issn		= {00104655},
  journal	= {Comput. Phys. Commun.},
  keywords	= {Angular-momentum projection,Finite
		  temperature,Hartree-Fock,Hartree-Fock-Bogolyubov,High-performance
		  computing,Hybrid programming model,Isospin
		  projection,Multi-threading,Skyrme interaction},
  month		= jan,
  number	= {1},
  pages		= {166--192},
  primaryclass	= {nucl-th},
  title		= {Solution of the Skyrme–Hartree–Fock–Bogolyubov
		  equations in the Cartesian deformed harmonic-oscillator
		  basis.},
  url		= {https://linkinghub.elsevier.com/retrieve/pii/S0010465511002852},
  volume	= {183},
  year		= {2012}
}

@Article{	  schunck2013,
  archiveprefix	= {arXiv},
  arxivid	= {1302.5718},
  author	= {Schunck, Nicolas},
  doi		= {10.1088/1742-6596/436/1/012058},
  issn		= {1742-6588},
  journal	= {J. Phys. Conf. Ser.},
  month		= apr,
  pages		= {012058},
  title		= {Microscopic description of induced fission},
  url		= {http://arxiv.org/abs/1302.5718
		  http://stacks.iop.org/1742-6596/436/i=1/a=012058?key=crossref.ee2ffc6e234f8fe81e712a27c8cb06af},
  volume	= {436},
  year		= {2013}
}

@Article{	  schunck2014,
  archiveprefix	= {arXiv},
  arxivid	= {1311.2616},
  author	= {Schunck, N. and Duke, D. and Carr, H. and Knoll, A.},
  doi		= {10.1103/PhysRevC.90.054305},
  issn		= {0556-2813},
  journal	= {Phys. Rev. C},
  month		= nov,
  number	= {5},
  pages		= {054305},
  title		= {Description of induced nuclear fission with Skyrme energy
		  functionals: Static potential energy surfaces and fission
		  fragment properties},
  url		= {https://link.aps.org/doi/10.1103/PhysRevC.90.054305},
  volume	= {90},
  year		= {2014}
}

@Article{	  schunck2015,
  author	= {Schunck, Nicolas and McDonnell, Jordan D and Sarich, Jason
		  and Wild, Stefan M and Higdon, Dave},
  doi		= {10.1088/0954-3899/42/3/034024},
  issn		= {0954-3899},
  journal	= {J. Phys. G Nucl. Part. Phys.},
  month		= mar,
  number	= {3},
  pages		= {034024},
  title		= {Error analysis in nuclear density functional theory},
  url		= {http://stacks.iop.org/0954-3899/42/i=3/a=034024
		  http://stacks.iop.org/0954-3899/42/i=3/a=034024?key=crossref.f0ce6def6734006adcdaeba18c0c91e0},
  volume	= {42},
  year		= {2015}
}

@Article{	  schunck2015a,
  archiveprefix	= {arXiv},
  arxivid	= {1503.05894},
  author	= {Schunck, N. and McDonnell, J. D. and Higdon, D. and
		  Sarich, J. and Wild, S. M.},
  doi		= {10.1140/epja/i2015-15169-9},
  isbn		= {2015151699},
  issn		= {1434-6001},
  journal	= {Eur. Phys. J. A},
  month		= dec,
  number	= {12},
  pages		= {169},
  title		= {Uncertainty quantification and propagation in nuclear
		  density functional theory},
  url		= {http://link.springer.com/10.1140/epja/i2015-15169-9},
  volume	= {51},
  year		= {2015}
}

@Article{	  schunck2015b,
  archiveprefix	= {arXiv},
  arxivid	= {1311.2620},
  author	= {Schunck, N. and Duke, D. and Carr, H.},
  doi		= {10.1103/PhysRevC.91.034327},
  issn		= {0556-2813},
  journal	= {Phys. Rev. C},
  month		= mar,
  number	= {3},
  pages		= {034327},
  title		= {Description of induced nuclear fission with Skyrme energy
		  functionals. II. Finite temperature effects},
  url		= {https://link.aps.org/doi/10.1103/PhysRevC.91.034327},
  volume	= {91},
  year		= {2015}
}

@Article{	  schunck2016,
  author	= {Schunck, Nicolas and Robledo, Luis M.},
  doi		= {10.1088/0034-4885/79/11/116301},
  issn		= {0034-4885},
  journal	= {Rep. Prog. Phys.},
  keywords	= {Review},
  mendeley-tags	= {Review},
  month		= nov,
  number	= {11},
  pages		= {116301},
  publisher	= {IOP Publishing},
  title		= {Microscopic theory of nuclear fission: a review},
  url		= {http://stacks.iop.org/0034-4885/79/i=11/a=116301?key=crossref.30cd21ca9f619239da027337924f470b
		  http://stacks.iop.org/0034-4885/79/i=11/a=116301},
  volume	= {79},
  year		= {2016}
}

@Article{	  schunck2016a,
  author	= {Schunck, N. and Dobaczewski, J. and Satula, W. and Baczyk,
		  P. and Denisov, V.N. and Dudek, J. and Gao, Y. and
		  Konieczka, M. and Sato, K. and Shi, Y. and Wang, X.B. and
		  Werner, T.R.},
  keywords	= {Angular-momentum projection,Finite
		  temperature,Hartree-Fock,Hartree-Fock-Bogolyubov,High-performance
		  computing,Hybrid programming model,Isospin
		  projection,Multi-threading,Skyrme interaction},
  title		= {Solution of the Skyrme-Hartree-Fock-Bogolyubov equations
		  in the Cartesian deformed harmonic-oscillator basis.:
		  (VIII) HFODD(v2.73r): A new version of the program},
  year		= {2016}
}

@Article{	  schunck2016b,
  author	= {Schunck, N. and Dobaczewski, J.},
  title		= {HFODD (v2.73g) User's Guide},
  year		= {2016}
}

@Article{	  schunck2017,
  archiveprefix	= {arXiv},
  arxivid	= {1612.05314},
  author	= {Schunck, N. and Dobaczewski, J. and Satu{\l}a, W. and
		  B{\c{a}}czyk, P. and Dudek, J. and Gao, Y. and Konieczka,
		  M. and Sato, K. and Shi, Y. and Wang, X.B. and Werner, T.R.},
  doi		= {10.1016/j.cpc.2017.03.007},
  isbn		= {0010-4655},
  issn		= {00104655},
  journal	= {Comput. Phys. Commun.},
  keywords	= {Angular-momentum projection,Energy density functional
		  theory,Gogny force,Hartree–Fock–Bogolyubov,Nuclear
		  density functional theory,Pairing
		  correlations,Self-consistent mean-field,Skyrme
		  interaction},
  month		= jul,
  pages		= {145--174},
  title		= {Solution of the
		  Skyrme-Hartree–Fock–Bogolyubovequations in the
		  Cartesian deformed harmonic-oscillator basis. (VIII) hfodd
		  (v2.73y): A new version of the program},
  url		= {https://linkinghub.elsevier.com/retrieve/pii/S0010465517300942
		  http://www.sciencedirect.com/science/article/pii/S0010465517300942},
  volume	= {216},
  year		= {2017}
}

@Book{		  schunck2019edf,
  address	= {Bristol},
  author	= {Bender, Michael and Bulgac, Aurel and Duguet, Thomas and
		  Ebran, Jean-Paul and Engel, Jonathan and Forbes, Michael
		  McNeil and Kortelainen, Markus and Nakatsukasa, Takashi and
		  Schunck, Nicolas},
  doi		= {10.1088/2053-2563/aae0ed},
  editor	= {Schunck, Nicolas},
  isbn		= {978-0-7503-1422-0},
  publisher	= {IOP Publishing},
  title		= {Energy Density Functional Methods for Atomic Nuclei},
  url		= {https://iopscience.iop.org/book/978-0-7503-1422-0},
  year		= {2019}
}

@Article{	  schwerdtfeger2015,
  author	= {Schwerdtfeger, Peter and Pa{\v{s}}teka, Luk{\'{a}}{\v{s}}
		  F. and Punnett, Andrew and Bowman, Patrick O.},
  doi		= {10.1016/j.nuclphysa.2015.02.005},
  issn		= {03759474},
  journal	= {Nucl. Phys. A},
  keywords	= {Electronic structure theory,Relativistic and quantum
		  electrodynamic effects,Superheavy elements},
  month		= dec,
  pages		= {551--577},
  publisher	= {Elsevier B.V.},
  title		= {Relativistic and quantum electrodynamic effects in
		  superheavy elements},
  url		= {http://dx.doi.org/10.1016/j.nuclphysa.2015.02.005
		  https://linkinghub.elsevier.com/retrieve/pii/S0375947415000366},
  volume	= {944},
  year		= {2015}
}

@Article{	  siegel2018,
  archiveprefix	= {arXiv},
  arxivid	= {1810.00098},
  author	= {Siegel, Daniel M and Barnes, Jennifer and Metzger, Brian
		  D},
  month		= sep,
  title		= {The neutron star merger GW170817 points to collapsars as
		  the main r-process source},
  url		= {http://arxiv.org/abs/1810.00098},
  year		= {2018}
}

@Article{	  sierk2017,
  archiveprefix	= {arXiv},
  arxivid	= {1711.02234},
  author	= {Sierk, Arnold J.},
  doi		= {10.1103/PhysRevC.96.034603},
  issn		= {2469-9985},
  journal	= {Phys. Rev. C},
  month		= sep,
  number	= {3},
  pages		= {034603},
  publisher	= {American Physical Society},
  title		= {Langevin model of low-energy fission},
  url		= {https://link.aps.org/doi/10.1103/PhysRevC.96.034603},
  volume	= {96},
  year		= {2017}
}

@Article{	  simenel2014,
  author	= {Simenel, C and Umar, A S},
  doi		= {10.1103/PhysRevC.89.031601},
  issn		= {0556-2813},
  journal	= {Phys. Rev. C},
  month		= mar,
  number	= {3},
  pages		= {031601},
  publisher	= {American Physical Society},
  title		= {Formation and dynamics of fission fragments},
  url		= {https://link.aps.org/doi/10.1103/PhysRevC.89.031601},
  volume	= {89},
  year		= {2014}
}

@Article{	  simenel2014a,
  archiveprefix	= {arXiv},
  arxivid	= {1403.3246},
  author	= {Simenel, C{\'{e}}dric},
  doi		= {10.1088/0954-3899/41/9/094007},
  issn		= {0954-3899},
  journal	= {J. Phys. G Nucl. Part. Phys.},
  keywords	= {heavy-ion collisions,microscopic theories,time-dependent
		  Hartree-Fock theory},
  month		= sep,
  number	= {9},
  pages		= {094007},
  title		= {Challenges in description of heavy-ion collisions with
		  microscopic time-dependent approaches},
  url		= {http://stacks.iop.org/0954-3899/41/i=9/a=094007?key=crossref.7d7b3701c66c250f4b71a8b0278a3840},
  volume	= {41},
  year		= {2014}
}

@Article{	  simenel2018,
  author	= {Simenel, C. and Umar, A. S.},
  doi		= {10.1016/j.ppnp.2018.07.002},
  issn		= {01466410},
  journal	= {Prog. Part. Nucl. Phys.},
  keywords	= {Fission,Heavy-ion fusion,Nucleus–nucleus
		  potential,Time-dependent Hartree–Fock},
  pages		= {19--66},
  publisher	= {Elsevier B.V.},
  title		= {Heavy-ion collisions and fission dynamics with the
		  time-dependent Hartree–Fock theory and its extensions},
  url		= {https://doi.org/10.1016/j.ppnp.2018.07.002},
  volume	= {103},
  year		= {2018}
}

@Article{	  slater1951,
  author	= {Slater, J C},
  doi		= {10.1103/PhysRev.81.385},
  issn		= {0031-899X},
  journal	= {Phys. Rev.},
  month		= feb,
  number	= {3},
  pages		= {385--390},
  publisher	= {American Physical Society},
  title		= {A Simplification of the Hartree-Fock Method},
  url		= {https://link.aps.org/doi/10.1103/PhysRev.81.385},
  volume	= {81},
  year		= {1951}
}

@Article{	  sobiczewski2007,
  author	= {Sobiczewski, Adam and Pomorski, Krzysztof},
  doi		= {10.1016/j.ppnp.2006.05.001},
  issn		= {01466410},
  journal	= {Prog. Part. Nucl. Phys.},
  month		= jan,
  number	= {1},
  pages		= {292--349},
  title		= {Description of structure and properties of superheavy
		  nuclei},
  url		= {http://linkinghub.elsevier.com/retrieve/pii/S0146641006000470},
  volume	= {58},
  year		= {2007}
}

@Article{	  soma2018,
  archiveprefix	= {arXiv},
  arxivid	= {1811.03978},
  author	= {Som{\`{a}}, Vittorio},
  doi		= {10.1140/epjp/i2018-12244-2},
  issn		= {2190-5444},
  journal	= {Eur. Phys. J. Plus},
  month		= oct,
  number	= {10},
  pages		= {434},
  title		= {From the liquid drop model to lattice QCD},
  url		= {http://arxiv.org/abs/1811.03978{\%}0Ahttp://dx.doi.org/10.1140/epjp/i2018-12244-2
		  http://link.springer.com/10.1140/epjp/i2018-12244-2},
  volume	= {133},
  year		= {2018}
}

@Article{	  staszczak2013,
  archiveprefix	= {arXiv},
  arxivid	= {arXiv:1208.1215v1},
  author	= {Staszczak, A. and Baran, A. and Nazarewicz, W.},
  doi		= {10.1103/PhysRevC.87.024320},
  issn		= {0556-2813},
  journal	= {Phys. Rev. C},
  month		= feb,
  number	= {2},
  pages		= {024320},
  publisher	= {American Physical Society},
  title		= {Spontaneous fission modes and lifetimes of superheavy
		  elements in the nuclear density functional theory},
  url		= {https://link.aps.org/doi/10.1103/PhysRevC.87.024320
		  /citations?view{\_}op=view{\_}citation{\&}continue=/scholar{\%}3Fhl{\%}3Den{\%}26start{\%}3D10{\%}26as{\_}sdt{\%}3D0,23{\%}26scilib{\%}3D1{\&}citilm=1{\&}citation{\_}for{\_}view=OxIGOuMAAAAJ:d1gkVwhDpl0C{\&}hl=en{\&}oi=p},
  volume	= {87},
  year		= {2013}
}

@Article{	  stoitsov2003,
  author	= {Stoitsov, M V and Dobaczewski, J and Nazarewicz, W and
		  Pittel, S and Dean, D J},
  doi		= {10.1103/PhysRevC.68.054312},
  issn		= {0556-2813},
  journal	= {Phys. Rev. C},
  keywords	= {Lipkin-Nogami},
  mendeley-tags	= {Lipkin-Nogami},
  month		= nov,
  number	= {5},
  pages		= {054312},
  title		= {Systematic study of deformed nuclei at the drip lines and
		  beyond},
  url		= {https://link.aps.org/doi/10.1103/PhysRevC.68.054312},
  volume	= {68},
  year		= {2003}
}

@Article{	  stoitsov2005,
  author	= {Stoitsov, M.V. and Dobaczewski, J. and Nazarewicz, Witold
		  and Ring, P.},
  doi		= {10.1016/j.cpc.2005.01.001},
  isbn		= {0010-4655},
  issn		= {00104655},
  journal	= {Comput. Phys. Commun.},
  keywords	= {Axial harmonic oscillator basis,Collective inertia,Energy
		  density functional theory,Gogny
		  force,Hartree–Fock–Bogoliubov theory,Pairing
		  regularization,Skyrme force,Transformed harmonic
		  oscillator},
  month		= apr,
  number	= {1},
  pages		= {43--63},
  title		= {Axially deformed solution of the
		  Skyrme–Hartree–Fock–Bogolyubov equations using the
		  transformed harmonic oscillator basis. The program HFBTHO
		  (v1.66p)},
  url		= {http://linkinghub.elsevier.com/retrieve/pii/S0010465505000305},
  volume	= {167},
  year		= {2005}
}

@Article{	  stoitsov2007,
  archiveprefix	= {arXiv},
  arxivid	= {nucl-th/0610061},
  author	= {Stoitsov, M. V. and Dobaczewski, J. and Kirchner, R. and
		  Nazarewicz, W. and Terasaki, J.},
  doi		= {10.1103/PhysRevC.76.014308},
  isbn		= {0556-2813},
  issn		= {0556-2813},
  journal	= {Phys. Rev. C},
  month		= jul,
  number	= {1},
  pages		= {014308},
  primaryclass	= {nucl-th},
  title		= {Variation after particle-number projection for the
		  Hartree-Fock-Bogoliubov method with the Skyrme energy
		  density functional},
  url		= {https://link.aps.org/doi/10.1103/PhysRevC.76.014308},
  volume	= {76},
  year		= {2007}
}

@Misc{		  stoitsov2010,
  author	= {Stoitsov, M.},
  keywords	= {DFT,Nuclear,Review,UNEDF},
  mendeley-tags	= {DFT,Nuclear,Review,UNEDF},
  title		= {Nuclear Density Functional Theory},
  url		= {http://www1.jinr.ru/Pepan/2010-v41/v-41-6/08{\_}st.pdf},
  urldate	= {2016-03-28},
  year		= {2010}
}

@Article{	  stoitsov2013,
  archiveprefix	= {arXiv},
  arxivid	= {1210.1825},
  author	= {Stoitsov, M.V. and Schunck, N. and Kortelainen, M. and
		  Michel, N. and Nam, H. and Olsen, E. and Sarich, J. and
		  Wild, S.},
  doi		= {10.1016/j.cpc.2013.01.013},
  isbn		= {0010-4655},
  issn		= {00104655},
  journal	= {Comput. Phys. Commun.},
  keywords	= {Axial symmetry,Finite temperature
		  HFB,Hartree-Fock-Bogoliubov,Nuclear density functional
		  theory,Particle number projection,Self-consistent
		  mean-field,Skyrme functionals,Transformed harmonic
		  oscillator},
  month		= jun,
  number	= {6},
  pages		= {1592--1604},
  publisher	= {Elsevier B.V.},
  title		= {Axially deformed solution of the
		  Skyrme-Hartree–Fock–Bogoliubov equations using the
		  transformed harmonic oscillator basis (II) hfbtho v2.00d: A
		  new version of the program},
  url		= {http://dx.doi.org/10.1016/j.cpc.2013.01.013
		  https://linkinghub.elsevier.com/retrieve/pii/S0010465513000301},
  volume	= {184},
  year		= {2013}
}

@Article{	  stroberg2019,
  archiveprefix	= {arXiv},
  arxivid	= {1902.06154},
  author	= {Stroberg, S Ragnar and Bogner, Scott K and Hergert, Heiko
		  and Holt, Jason D},
  journal	= {arxiv.org/abs/1902.06154},
  month		= feb,
  title		= {Non-Empirical Interactions for the Nuclear Shell Model: An
		  Update},
  url		= {http://arxiv.org/abs/1902.06154},
  year		= {2019}
}

@Article{	  strutinsky1967,
  author	= {Strutinsky, V.M.},
  doi		= {10.1016/0375-9474(67)90510-6},
  issn		= {03759474},
  journal	= {Nucl. Phys. A},
  month		= apr,
  number	= {2},
  pages		= {420--442},
  title		= {Shell effects in nuclear masses and deformation energies},
  url		= {http://www.sciencedirect.com/science/article/pii/0375947467905106
		  http://linkinghub.elsevier.com/retrieve/pii/0375947467905106},
  volume	= {95},
  year		= {1967}
}

@Article{	  strutinsky1968,
  author	= {Strutinsky, V.M.},
  doi		= {10.1016/0375-9474(68)90699-4},
  issn		= {03759474},
  journal	= {Nucl. Phys. A},
  month		= dec,
  number	= {1},
  pages		= {1--33},
  title		= {“Shells” in deformed nuclei},
  url		= {http://www.sciencedirect.com/science/article/pii/0375947468906994
		  http://linkinghub.elsevier.com/retrieve/pii/0375947468906994},
  volume	= {122},
  year		= {1968}
}

@Article{	  tanimura2017,
  author	= {Tanimura, Yusuke and Lacroix, Denis and Ayik, Sakir},
  doi		= {10.1103/PhysRevLett.118.152501},
  issn		= {0031-9007},
  journal	= {Phys. Rev. Lett.},
  month		= apr,
  number	= {15},
  pages		= {152501},
  publisher	= {American Physical Society},
  title		= {Microscopic Phase-Space Exploration Modeling of Fm258
		  Spontaneous Fission},
  url		= {https://link.aps.org/doi/10.1103/PhysRevLett.118.152501
		  http://link.aps.org/doi/10.1103/PhysRevLett.118.152501},
  volume	= {118},
  year		= {2017}
}

@Article{	  ter-akopian2015,
  author	= {Ter-Akopian, G.M. and Dmitriev, S.N.},
  doi		= {10.1016/j.nuclphysa.2015.09.004},
  issn		= {03759474},
  journal	= {Nucl. Phys. A},
  keywords	= {Cosmic rays,Nucleosynthesis,Spontaneous fission,Superheavy
		  nuclei},
  month		= dec,
  pages		= {177--189},
  publisher	= {Elsevier B.V.},
  title		= {Searches for superheavy elements in nature: Cosmic-ray
		  nuclei; spontaneous fission},
  url		= {http://dx.doi.org/10.1016/j.nuclphysa.2015.09.004
		  https://linkinghub.elsevier.com/retrieve/pii/S0375947415002031},
  volume	= {944},
  year		= {2015}
}

@Article{	  theisen2015,
  author	= {Theisen, Ch and Greenlees, P.T. and Khoo, T.-L. and
		  Chowdhury, P. and Ishii, T.},
  doi		= {10.1016/j.nuclphysa.2015.07.014},
  issn		= {03759474},
  journal	= {Nucl. Phys. A},
  keywords	= {Heavy elements,In-beam spectroscopy,Isomeric
		  states,Nuclear structure,Superheavy elements},
  month		= dec,
  pages		= {333--375},
  publisher	= {Elsevier B.V.},
  title		= {In-beam spectroscopy of heavy elements},
  url		= {http://dx.doi.org/10.1016/j.nuclphysa.2015.07.014
		  https://linkinghub.elsevier.com/retrieve/pii/S0375947415001621},
  volume	= {944},
  year		= {2015}
}

@Article{	  thierens1981,
  author	= {Thierens, H. and {De Clercq}, A. and Jacobs, E. and {De
		  Frenne}, D. and D'hondt, P. and {De Gelder}, P. and
		  Deruytter, A. J.},
  doi		= {10.1103/PhysRevC.23.2104},
  issn		= {0556-2813},
  journal	= {Phys. Rev. C},
  month		= may,
  number	= {5},
  pages		= {2104--2113},
  title		= {Kinetic energy and fragment mass distributions for Pu240
		  (s.f.), 239Pu(nth,f), and 240Pu($\gamma$,f)},
  url		= {https://link.aps.org/doi/10.1103/PhysRevC.23.2104},
  volume	= {23},
  year		= {1981}
}

@Article{	  titinschnaider1974,
  author	= {Titin-Schnaider, C and Quentin, Ph.},
  doi		= {10.1016/0370-2693(74)90617-0},
  issn		= {03702693},
  journal	= {Phys. Lett. B},
  month		= may,
  number	= {5},
  pages		= {397--400},
  title		= {Coulomb exchange contribution in nuclear Hartree-Fock
		  calculations},
  url		= {http://www.sciencedirect.com/science/article/pii/0370269374906170
		  http://linkinghub.elsevier.com/retrieve/pii/0370269374906170},
  volume	= {49},
  year		= {1974}
}

@Article{	  trotta2008,
  archiveprefix	= {arXiv},
  arxivid	= {0803.4089},
  author	= {Trotta, Roberto},
  doi		= {10.1080/00107510802066753},
  issn		= {0010-7514},
  journal	= {Contemp. Phys.},
  keywords	= {bayesian methods,cosmology,data analysis,model
		  comparison,parameter inference,statistical methods},
  month		= mar,
  number	= {2},
  pages		= {71--104},
  title		= {Bayes in the sky: Bayesian inference and model selection
		  in cosmology},
  url		= {http://arxiv.org/abs/0803.4089
		  http://dx.doi.org/10.1080/00107510802066753
		  http://www.tandfonline.com/doi/abs/10.1080/00107510802066753},
  volume	= {49},
  year		= {2008}
}

@Article{	  tsekhanovich2019,
  archiveprefix	= {arXiv},
  arxivid	= {1804.01832},
  author	= {Tsekhanovich, I. and Andreyev, A.N. and Nishio, K. and
		  Denis-Petit, D. and Hirose, K. and Makii, H. and Matheson,
		  Z. and Morimoto, K. and Morita, K. and Nazarewicz, W. and
		  Orlandi, R. and Sadhukhan, J. and Tanaka, T. and Vermeulen,
		  M. and Warda, M.},
  doi		= {10.1016/j.physletb.2019.02.006},
  issn		= {03702693},
  journal	= {Phys. Lett. B},
  month		= mar,
  pages		= {583--588},
  publisher	= {North-Holland},
  title		= {Observation of the competing fission modes in 178Pt},
  url		= {https://www.sciencedirect.com/science/article/pii/S0370269319300978{\#}fg0030
		  https://linkinghub.elsevier.com/retrieve/pii/S0370269319300978
		  http://www.sciencedirect.com/science/article/pii/S0370269319300978
		  http://arxiv.org/abs/1804.01832},
  volume	= {790},
  year		= {2019}
}

@Article{	  tsuchiya2000,
  author	= {Tsuchiya, Chikafumi and Nakagome, Yoshihiro and Yamana,
		  Hajimu and Moriyama, Hirotake and Nishio, Katsuhisa and
		  Kanno, Ikuo and Shin, Kazuo and Kimura, Itsuro},
  doi		= {10.1080/18811248.2000.9714976},
  issn		= {00223131},
  journal	= {J. Nucl. Sci. Technol.},
  keywords	= {Comparative evaluations,Fission,Fission fragments,Fission
		  neutron energy,Fission neutron multiplicity,Fission
		  process,Multi-channel fission,Neutron emission,Plutonium
		  239,Prompt neutrons,Thermal neutrons,Total excitation
		  energy},
  number	= {11},
  pages		= {941--948},
  title		= {Simultaneous measurement of prompt neutrons and fission
		  fragments for 239Pu(nth, f)},
  volume	= {37},
  year		= {2000}
}

@Article{	  tudora2018,
  author	= {Tudora, Anabella and Hambsch, Franz Josef and Tobosaru,
		  Viorel},
  doi		= {10.1080/00295639.2018.1497394},
  issn		= {1943748X},
  journal	= {Nucl. Sci. Eng.},
  keywords	= {Prompt emission in fission,average number of prompt
		  neutrons,fission fragment distributions,prompt fission
		  neutron distributions},
  number	= {1},
  pages		= {52--69},
  publisher	= {Taylor {\&} Francis},
  title		= {Prediction of the Prompt Neutron Multiplicity Distribution
		  $\nu$(A) for 235U(n,f) and 239Pu(n,f) in the Incident
		  Energy Range of Multichance Fission},
  url		= {https://doi.org/10.1080/00295639.2018.1497394},
  volume	= {192},
  year		= {2018}
}

@Article{	  turler2015,
  author	= {T{\"{u}}rler, Andreas and Eichler, Robert and Yakushev,
		  Alexander},
  doi		= {10.1016/j.nuclphysa.2015.09.012},
  issn		= {03759474},
  journal	= {Nucl. Phys. A},
  keywords	= {Gas-phase chemistry,Relativistic effects,Superheavy
		  elements},
  month		= dec,
  pages		= {640--689},
  publisher	= {Elsevier B.V.},
  title		= {Chemical studies of elements with Z ⩾ 104 in gas phase},
  url		= {http://dx.doi.org/10.1016/j.nuclphysa.2015.09.012
		  https://linkinghub.elsevier.com/retrieve/pii/S0375947415002195},
  volume	= {944},
  year		= {2015}
}

@Article{	  umar2010,
  author	= {Umar, A S and Oberacker, V E and Maruhn, J A and Reinhard,
		  P-G},
  doi		= {10.1088/0954-3899/37/6/064037},
  issn		= {0954-3899},
  journal	= {J. Phys. G Nucl. Part. Phys.},
  month		= jun,
  number	= {6},
  pages		= {064037},
  title		= {Microscopic description of nuclear fission dynamics},
  url		= {http://stacks.iop.org/0954-3899/37/i=6/a=064037
		  http://stacks.iop.org/0954-3899/37/i=6/a=064037?key=crossref.702d758583cb1cdf77233818a6634c2a},
  volume	= {37},
  year		= {2010}
}

@Article{	  umar2015,
  archiveprefix	= {arXiv},
  arxivid	= {1412.1755},
  author	= {Umar, A.S. and Oberacker, V.E.},
  doi		= {10.1016/j.nuclphysa.2015.02.011},
  issn		= {03759474},
  journal	= {Nucl. Phys. A},
  keywords	= {Quasifission,SHE,Superheavy nuclei,TDDFT,TDHF},
  month		= dec,
  pages		= {238--256},
  publisher	= {Elsevier B.V.},
  title		= {Time-dependent HF approach to SHE dynamics},
  url		= {http://dx.doi.org/10.1016/j.nuclphysa.2015.02.011
		  https://linkinghub.elsevier.com/retrieve/pii/S0375947415000421},
  volume	= {944},
  year		= {2015}
}

@InProceedings{	  unik1974,
  address	= {Rochester},
  author	= {Unik, J. P. and Gindler, J. E. and Glendenin, L. E. and
		  Flynn, K. F. and Gorski, A. and Sjoblom, R. K.},
  booktitle	= {Proc. Symp. Phys. Chem. Fission (Rochester 1973)},
  pages		= {19--45},
  publisher	= {IAEA},
  title		= {Fragment mass and kinetic energy distributions for
		  fissioning systems ranging from mass 230 to 256*},
  volume	= {2},
  year		= {1974}
}

@Article{	  usang2016,
  author	= {Usang, M. D. and Ivanyuk, F. A. and Ishizuka, C. and
		  Chiba, S.},
  doi		= {10.1103/PhysRevC.94.044602},
  issn		= {2469-9985},
  journal	= {Phys. Rev. C},
  month		= oct,
  number	= {4},
  pages		= {044602},
  title		= {Effects of microscopic transport coefficients on fission
		  observables calculated by the Langevin equation},
  url		= {http://link.aps.org/doi/10.1103/PhysRevC.94.044602
		  https://link.aps.org/doi/10.1103/PhysRevC.94.044602},
  volume	= {94},
  year		= {2016}
}

@Article{	  usang2017,
  author	= {Usang, M D and Ivanyuk, F A and Ishizuka, C and Chiba, S},
  doi		= {10.1103/PhysRevC.96.064617},
  issn		= {2469-9985},
  journal	= {Phys. Rev. C},
  month		= dec,
  number	= {6},
  pages		= {064617},
  title		= {Analysis of the total kinetic energy of fission fragments
		  with the Langevin equation},
  url		= {https://link.aps.org/doi/10.1103/PhysRevC.96.064617},
  volume	= {96},
  year		= {2017}
}

@Article{	  vassh2019,
  archiveprefix	= {arXiv},
  arxivid	= {1810.08133v1},
  author	= {Vassh, Nicole and Vogt, Ramona and Surman, Rebecca and
		  Randrup, J. and Sprouse, Trevor M. and Mumpower, Matthew R.
		  and Jaffke, P. and Shaw, D. and Holmbeck, Erika M. and Zhu,
		  Yong-Lin and McLaughlin, G C},
  doi		= {10.1088/1361-6471/ab0bea},
  issn		= {0954-3899},
  journal	= {J. Phys. G Nucl. Part. Phys.},
  month		= jun,
  number	= {6},
  pages		= {065202},
  title		= {Using excitation-energy dependent fission yields to
		  identify key fissioning nuclei in r -process
		  nucleosynthesis},
  url		= {http://stacks.iop.org/0954-3899/46/i=6/a=065202?key=crossref.fe4da1ba93076e27c24f21375bf94a91},
  volume	= {46},
  year		= {2019}
}

@Article{	  vedral2003,
  archiveprefix	= {arXiv},
  arxivid	= {quant-ph/0302040},
  author	= {Vedral, Vlatko},
  doi		= {10.2478/BF02476298},
  isbn		= {1462-0316},
  issn		= {2391-5471},
  journal	= {Open Phys.},
  keywords	= {03,10,2000,65,71,eld theory,entanglement,fd,many-particle
		  systems,pacs,particle statistics,quantum,ud},
  month		= jan,
  number	= {2},
  pages		= {289--306},
  pmid		= {21361976},
  primaryclass	= {quant-ph},
  title		= {Entanglement in the second quantization formalism},
  url		= {http://arxiv.org/abs/quant-ph/0302040{\%}0Ahttp://dx.doi.org/10.2478/BF02476298
		  http://www.degruyter.com/view/j/phys.2003.1.issue-2/BF02476298/bf02476298.xml},
  volume	= {1},
  year		= {2003}
}

@Article{	  wahlborn1962,
  author	= {Wahlborn, S},
  doi		= {10.1016/0029-5582(62)90290-0},
  issn		= {00295582},
  journal	= {Nucl. Phys.},
  month		= aug,
  pages		= {554--584},
  title		= {Effects of blocking on the level spacings of odd-mass
		  deformed nuclei},
  url		= {http://www.sciencedirect.com/science/article/pii/0029558262902900
		  http://linkinghub.elsevier.com/retrieve/pii/0029558262902900},
  volume	= {37},
  year		= {1962}
}

@Article{	  warda2011,
  archiveprefix	= {arXiv},
  arxivid	= {1107.1478},
  author	= {Warda, M. and Robledo, L. M.},
  doi		= {10.1103/PhysRevC.84.044608},
  issn		= {0556-2813},
  journal	= {Phys. Rev. C},
  month		= oct,
  number	= {4},
  pages		= {044608},
  publisher	= {American Physical Society},
  title		= {Microscopic description of cluster radioactivity in
		  actinide nuclei},
  url		= {https://link.aps.org/doi/10.1103/PhysRevC.84.044608},
  volume	= {84},
  year		= {2011}
}

@Article{	  warda2012,
  archiveprefix	= {arXiv},
  arxivid	= {1204.5867},
  author	= {Warda, M. and Egido, J. L.},
  doi		= {10.1103/PhysRevC.86.014322},
  issn		= {0556-2813},
  journal	= {Phys. Rev. C},
  month		= jul,
  number	= {1},
  pages		= {014322},
  title		= {Fission half-lives of superheavy nuclei in a microscopic
		  approach},
  url		= {https://link.aps.org/doi/10.1103/PhysRevC.86.014322},
  volume	= {86},
  year		= {2012}
}

@Article{	  warda2012a,
  archiveprefix	= {arXiv},
  arxivid	= {arXiv:1205.5797v2},
  author	= {Warda, M. and Staszczak, A. and Nazarewicz, W.},
  doi		= {10.1103/PhysRevC.86.024601},
  issn		= {0556-2813},
  journal	= {Phys. Rev. C},
  month		= aug,
  number	= {2},
  pages		= {024601},
  title		= {Fission modes of mercury isotopes},
  url		= {https://link.aps.org/doi/10.1103/PhysRevC.86.024601},
  volume	= {86},
  year		= {2012}
}

@Article{	  warda2018,
  author	= {Warda, M. and Zdeb, A. and Robledo, L. M.},
  doi		= {10.1103/PhysRevC.98.041602},
  issn		= {2469-9985},
  journal	= {Phys. Rev. C},
  keywords	= {doi:10.1103/PhysRevC.98.041602 url:https://doi.org},
  month		= oct,
  number	= {4},
  pages		= {041602},
  publisher	= {American Physical Society},
  title		= {Cluster radioactivity in superheavy nuclei},
  url		= {https://link.aps.org/doi/10.1103/PhysRevC.98.041602},
  volume	= {98},
  year		= {2018}
}

@Article{	  weizsacker1935,
  author	= {Weizs{\"{a}}cker, C. F. v.},
  doi		= {10.1007/BF01337700},
  issn		= {1434-6001},
  journal	= {Zeitschrift f{\"{u}}r Phys.},
  month		= jul,
  number	= {7-8},
  pages		= {431--458},
  title		= {Zur Theorie der Kernmassen},
  url		= {https://doi.org/10.1007/BF01337700
		  http://link.springer.com/10.1007/BF01337700},
  volume	= {96},
  year		= {1935}
}

@Article{	  wild2014,
  author	= {Wild, S M},
  number	= {April 2014},
  title		= {Solving Derivative-Free Nonlinear Least Squares with
		  POUNDERS},
  volume	= {2014},
  year		= {2014}
}

@Article{	  wild2015,
  archiveprefix	= {arXiv},
  arxivid	= {1406.5464},
  author	= {Wild, Stefan M. and Sarich, Jason and Schunck, Nicolas},
  doi		= {10.1088/0954-3899/42/3/034031},
  issn		= {0954-3899},
  journal	= {J. Phys. G Nucl. Part. Phys.},
  keywords	= {density functional theory,numerical optimization,parameter
		  estimation,sensitivity analysis},
  month		= mar,
  number	= {3},
  pages		= {034031},
  publisher	= {IOP Publishing},
  title		= {Derivative-free optimization for parameter estimation in
		  computational nuclear physics},
  url		= {http://stacks.iop.org/0954-3899/42/i=3/a=034031?key=crossref.54c02a9813ccf34379b5de73c8007971},
  volume	= {42},
  year		= {2015}
}

@Article{	  wilkins1976,
  author	= {Wilkins, B. D. and Steinberg, E. P. and Chasman, R. R.},
  doi		= {10.1103/PhysRevC.14.1832},
  issn		= {0556-2813},
  journal	= {Phys. Rev. C},
  month		= nov,
  number	= {5},
  pages		= {1832--1863},
  title		= {Scission-point model of nuclear fission based on
		  deformed-shell effects},
  url		= {https://link.aps.org/doi/10.1103/PhysRevC.14.1832},
  volume	= {14},
  year		= {1976}
}

@Article{	  younes2009,
  archiveprefix	= {arXiv},
  arxivid	= {0910.1284},
  author	= {Younes, W. and Gogny, D.},
  doi		= {10.1103/PhysRevC.80.054313},
  issn		= {0556-2813},
  journal	= {Phys. Rev. C},
  month		= nov,
  number	= {5},
  pages		= {054313},
  title		= {Microscopic calculation of Pu240 scission with a
		  finite-range effective force},
  url		= {https://link.aps.org/doi/10.1103/PhysRevC.80.054313},
  volume	= {80},
  year		= {2009}
}

@InProceedings{	  younes2009a,
  archiveprefix	= {arXiv},
  arxivid	= {0910.1804},
  author	= {Younes, W. and Gogny, D. and Chatillon, Audrey and Faust,
		  Herbert and Fioni, Gabriele and Goutte, Dominique and
		  Goutte, Héloise},
  booktitle	= {AIP Conf. Proc.},
  doi		= {10.1063/1.3258261},
  isbn		= {9780735407145},
  issn		= {0094243X},
  keywords	= {Finite-range interaction,Fission,Hartree Fock Bogoliubov},
  pages		= {3--10},
  publisher	= {AIP},
  title		= {The microscopic theory of fission},
  url		= {http://aip.scitation.org/doi/abs/10.1063/1.3258261},
  volume	= {1175},
  year		= {2009}
}

@Article{	  younes2011,
  archiveprefix	= {arXiv},
  arxivid	= {1103.3466},
  author	= {Younes, W. and Gogny, D.},
  doi		= {10.1103/PhysRevLett.107.132501},
  issn		= {0031-9007},
  journal	= {Phys. Rev. Lett.},
  month		= sep,
  number	= {13},
  pages		= {132501},
  title		= {Nuclear Scission and Quantum Localization},
  url		= {https://link.aps.org/doi/10.1103/PhysRevLett.107.132501},
  volume	= {107},
  year		= {2011}
}

@TechReport{	  younes2012,
  address	= {Livermore, CA (United States)},
  author	= {Younes, W. and Gogny, D.},
  doi		= {10.2172/1053671},
  institution	= {Lawrence Livermore National Laboratory (LLNL)},
  month		= sep,
  title		= {Fragment Yields Calculated in a Time-Dependent Microscopic
		  Theory of Fission},
  url		= {http://www.osti.gov/servlets/purl/1053671/
		  https://e-reports-ext.llnl.gov/pdf/669872.pdf},
  year		= {2012}
}

@PhDThesis{	  yruma2008,
  author	= {Yruma, Jeris Stueland},
  title		= {How Experiments Are Remembered: The Discovery of Nuclear
		  Fission, 1938-1968},
  year		= {2008}
}

@Unpublished{	  yung2005,
  author	= {Yung, Man-hong},
  title		= {Quantum Entanglement in Many-body Systems},
  year		= {2005}
}

@Article{	  zagrebaev2015,
  author	= {Zagrebaev, V.I. and Greiner, W.},
  doi		= {10.1016/j.nuclphysa.2015.02.010},
  issn		= {03759474},
  journal	= {Nucl. Phys. A},
  keywords	= {Cross sections,Fusion reactions,Multinucleon
		  transfers,Synthesis of superheavy elements},
  month		= dec,
  pages		= {257--307},
  publisher	= {Elsevier B.V.},
  title		= {Cross sections for the production of superheavy nuclei},
  url		= {http://dx.doi.org/10.1016/j.nuclphysa.2015.02.010
		  https://linkinghub.elsevier.com/retrieve/pii/S037594741500041X},
  volume	= {944},
  year		= {2015}
}

@Article{	  zhang2016,
  archiveprefix	= {arXiv},
  arxivid	= {arXiv:1607.00422v3},
  author	= {Zhang, Chun Li and Schuetrumpf, Bastian and Nazarewicz,
		  Witold},
  doi		= {10.1103/PhysRevC.94.064323},
  issn		= {2469-9985},
  journal	= {Phys. Rev. C},
  month		= dec,
  number	= {6},
  pages		= {064323},
  title		= {Nucleon localization and fragment formation in nuclear
		  fission},
  url		= {https://link.aps.org/doi/10.1103/PhysRevC.94.064323},
  volume	= {94},
  year		= {2016}
}

@PhDThesis{	  zhang2016a,
  author	= {Zhang, Chunli},
  school	= {Michigan State University},
  title		= {Interplay Between Single-Particle and Collective Motion
		  Within Nuclear Density Functional Theory},
  type		= {PhD Thesis},
  year		= {2016}
}

@Article{	  zhang2018,
  author	= {Zhang, Y L and Wang, Y. Z.},
  doi		= {10.1103/PhysRevC.97.014318},
  issn		= {2469-9985},
  journal	= {Phys. Rev. C},
  keywords	= {doi:10.1103/PhysRevC.97.014318 url:https://doi.org},
  month		= jan,
  number	= {1},
  pages		= {014318},
  publisher	= {American Physical Society},
  title		= {Systematic study of cluster radioactivity of superheavy
		  nuclei},
  url		= {https://link.aps.org/doi/10.1103/PhysRevC.97.014318},
  volume	= {97},
  year		= {2018}
}

@Article{	  zhao2015,
  archiveprefix	= {arXiv},
  arxivid	= {1511.05689[nucl-th]},
  author	= {Zhao, Jie and Lu, Bing-Nan and Nik{\v{s}}i{\'{c}}, Tamara
		  and Vretenar, Dario},
  doi		= {10.1103/PhysRevC.92.064315},
  issn		= {0556-2813},
  journal	= {Phys. Rev. C},
  month		= dec,
  number	= {6},
  pages		= {064315},
  title		= {Multidimensionally constrained relativistic
		  Hartree-Bogoliubov study of spontaneous nuclear fission},
  url		= {https://link.aps.org/doi/10.1103/PhysRevC.92.064315},
  volume	= {92},
  year		= {2015}
}

@Article{	  zhao2016,
  author	= {Zhao, Jie and Lu, Bing-nan and Nik{\v{s}}i{\'{c}}, Tamara
		  and Vretenar, Dario and Zhou, Shan-Gui},
  doi		= {10.1103/PhysRevC.93.044315},
  issn		= {2469-9985},
  journal	= {Phys. Rev. C},
  month		= apr,
  number	= {4},
  pages		= {044315},
  publisher	= {American Physical Society},
  title		= {Multidimensionally-constrained relativistic mean-field
		  study of spontaneous fission: Coupling between shape and
		  pairing degrees of freedom},
  url		= {http://link.aps.org/doi/10.1103/PhysRevC.93.044315
		  https://link.aps.org/doi/10.1103/PhysRevC.93.044315},
  volume	= {93},
  year		= {2016}
}

@Article{	  zhu2018,
  author	= {Zhu, Y and Wollaeger, R T and Vassh, N and Surman, R and
		  Sprouse, T M and Mumpower, M R and M{\"{o}}ller, P and
		  McLaughlin, G C and Korobkin, O and Kawano, T and Jaffke, P
		  J and Holmbeck, E M and Fryer, C L and Even, W P and
		  Couture, A J and Barnes, J},
  doi		= {10.3847/2041-8213/aad5de},
  issn		= {2041-8213},
  journal	= {Astrophys. J.},
  month		= aug,
  number	= {2},
  pages		= {L23},
  title		= {Californium-254 and Kilonova Light Curves},
  url		= {http://stacks.iop.org/2041-8205/863/i=2/a=L23
		  http://stacks.iop.org/2041-8205/863/i=2/a=L23?key=crossref.78bf1f7161b9d9234e9f409a29c7f2af},
  volume	= {863},
  year		= {2018}
}
